<?xml version="1.0" encoding="UTF-8"?>
<!DOCTYPE html PUBLIC "-//W3C//DTD XHTML 1.0 Transitional//EN"
    "http://www.w3.org/TR/xhtml1/DTD/xhtml1-transitional.dtd">
<html xmlns="http://www.w3.org/1999/xhtml" xml:lang="en" lang="en">
 <head>
  <title>
</title>
<meta http-equiv="Content-Type" content="text/html;charset=utf-8" />
  <meta name='ocr-system' content='tesseract 3.04.00' />
  <meta name='ocr-capabilities' content='ocr_page ocr_carea ocr_par ocr_line ocrx_word'/>
</head>
<body>
  <div class='ocr_page' id='page_1' title='image "./decommentariove00riesgoog_0023.png"; bbox 0 0 2998 4692; ppageno 0'>
   <div class='ocr_carea' id='block_1_1' title="bbox 825 335 865 402">
    <p class='ocr_par' dir='ltr' id='par_1_1' title="bbox 825 335 865 402">
     <span class='ocr_line' id='line_1_1' title="bbox 825 335 865 402; baseline 0 0"><span class='ocrx_word' id='word_1_1' title='bbox 825 335 865 402; x_wconf 90' lang='grc'><strong>16</strong></span> 
     </span>
    </p>
   </div>
   <div class='ocr_carea' id='block_1_2' title="bbox 212 515 1402 4187">
    <p class='ocr_par' dir='ltr' id='par_1_2' title="bbox 212 515 1402 2673">
     <span class='ocr_line' id='line_1_2' title="bbox 296 515 1402 608; baseline 0.009 -26"><span class='ocrx_word' id='word_1_2' title='bbox 296 516 408 603; x_wconf 87' lang='lat' dir='ltr'><strong>inepta</strong></span> <span class='ocrx_word' id='word_1_3' title='bbox 430 515 588 604; x_wconf 75' lang='lat' dir='ltr'><strong>quaedam</strong></span> <span class='ocrx_word' id='word_1_4' title='bbox 612 525 710 602; x_wconf 88' lang='lat' dir='ltr'><strong>atque</strong></span> <span class='ocrx_word' id='word_1_5' title='bbox 734 519 832 584; x_wconf 86' lang='lat' dir='ltr'><strong>etiam</strong></span> <span class='ocrx_word' id='word_1_6' title='bbox 852 518 1032 606; x_wconf 84' lang='lat' dir='ltr'><strong>allegorica</strong></span> <span class='ocrx_word' id='word_1_7' title='bbox 1053 518 1282 608; x_wconf 79' lang='lat' dir='ltr'><strong>interpretatio</strong></span> <span class='ocrx_word' id='word_1_8' title='bbox 1307 523 1402 592; x_wconf 87' lang='lat' dir='ltr'><strong>euius</strong></span> 
     </span>
     <span class='ocr_line' id='line_1_3' title="bbox 296 624 1402 715; baseline 0.009 -25"><span class='ocrx_word' id='word_1_9' title='bbox 296 625 332 690; x_wconf 93' lang='lat' dir='ltr'><strong>in</strong></span> <span class='ocrx_word' id='word_1_10' title='bbox 342 625 491 692; x_wconf 88' lang='lat' dir='ltr'><strong>Macrobi</strong></span> <span class='ocrx_word' id='word_1_11' title='bbox 506 624 731 695; x_wconf 82' lang='lat' dir='ltr'><strong>Saturnalibus</strong></span> <span class='ocrx_word' id='word_1_12' title='bbox 747 629 937 715; x_wconf 88' lang='lat' dir='ltr'><strong>exemplum</strong></span> <span class='ocrx_word' id='word_1_13' title='bbox 950 628 1107 695; x_wconf 90' lang='lat' dir='ltr'><strong>habemns</strong></span> <span class='ocrx_word' id='word_1_14' title='bbox 1128 629 1163 694; x_wconf 91' lang='lat' dir='ltr'><strong>in</strong></span> <span class='ocrx_word' id='word_1_15' title='bbox 1184 651 1282 696; x_wconf 88' lang='lat' dir='ltr'><strong>usum</strong></span> <span class='ocrx_word' id='word_1_16' title='bbox 1297 635 1402 704; x_wconf 83' lang='lat' dir='ltr'><strong>venit.</strong></span> 
     </span>
     <span class='ocr_line' id='line_1_4' title="bbox 297 733 1401 827; baseline 0.004 -25"><span class='ocrx_word' id='word_1_17' title='bbox 297 733 448 802; x_wconf 81' lang='lat' dir='ltr'><strong>Eandem</strong></span> <span class='ocrx_word' id='word_1_18' title='bbox 471 755 567 819; x_wconf 91' lang='lat' dir='ltr'><strong>qnam</strong></span> <span class='ocrx_word' id='word_1_19' title='bbox 586 735 784 804; x_wconf 81' lang='lat' dir='ltr'><strong>recentiores</strong></span> <span class='ocrx_word' id='word_1_20' title='bbox 797 737 846 802; x_wconf 91' lang='lat' dir='ltr'><strong>illi</strong></span> <span class='ocrx_word' id='word_1_21' title='bbox 858 737 1018 803; x_wconf 86' lang='lat' dir='ltr'><strong>rationem</strong></span> <span class='ocrx_word' id='word_1_22' title='bbox 1032 748 1145 805; x_wconf 89' lang='lat' dir='ltr'><strong>noster</strong></span> <span class='ocrx_word' id='word_1_23' title='bbox 1155 738 1283 806; x_wconf 90' lang='lat' dir='ltr'><strong>Probus</strong></span> <span class='ocrx_word' id='word_1_24' title='bbox 1299 749 1401 827; x_wconf 90' lang='lat' dir='ltr'><strong>tenet,</strong></span> 
     </span>
     <span class='ocr_line' id='line_1_5' title="bbox 298 841 1398 937; baseline 0.006 -29"><span class='ocrx_word' id='word_1_25' title='bbox 298 842 422 930; x_wconf 86' lang='lat' dir='ltr'><strong>quippe</strong></span> <span class='ocrx_word' id='word_1_26' title='bbox 444 841 501 926; x_wconf 91' lang='lat' dir='ltr'><strong>qui</strong></span> <span class='ocrx_word' id='word_1_27' title='bbox 520 851 651 930; x_wconf 90' lang='lat' dir='ltr'><strong>praeter</strong></span> <span class='ocrx_word' id='word_1_28' title='bbox 671 843 780 910; x_wconf 89' lang='lat' dir='ltr'><strong>adnot.</strong></span> <span class='ocrx_word' id='word_1_29' title='bbox 804 846 846 910; x_wconf 88' lang='lat' dir='ltr'><strong>ad</strong></span> <span class='ocrx_word' id='word_1_30' title='bbox 868 843 939 911; x_wconf 84' lang='lat' dir='ltr'><strong>Ecl.</strong></span> <span class='ocrx_word' id='word_1_31' title='bbox 960 845 991 930; x_wconf 82' lang='lat'><strong>3,</strong></span> <span class='ocrx_word' id='word_1_32' title='bbox 1013 847 1071 912; x_wconf 80' lang='lat'><strong>40:</strong></span> <span class='ocrx_word' id='word_1_33' title='bbox 1096 849 1261 931; x_wconf 81' lang='lat' dir='ltr'><strong>,quamvis</strong></span> <span class='ocrx_word' id='word_1_34' title='bbox 1282 849 1398 937; x_wconf 81' lang='lat' dir='ltr'><strong>plures</strong></span> 
     </span>
     <span class='ocr_line' id='line_1_6' title="bbox 297 949 1401 1039; baseline 0.005 -22"><span class='ocrx_word' id='word_1_35' title='bbox 297 949 419 1017; x_wconf 87' lang='lat' dir='ltr'><strong>fuerint</strong></span> <span class='ocrx_word' id='word_1_36' title='bbox 442 951 672 1036; x_wconf 84' lang='lat' dir='ltr'><strong>mathematici,</strong></span> <span class='ocrx_word' id='word_1_37' title='bbox 702 953 871 1039; x_wconf 85' lang='lat' dir='ltr'><strong>eleganter</strong></span> <span class='ocrx_word' id='word_1_38' title='bbox 900 963 1061 1020; x_wconf 88' lang='lat' dir='ltr'><strong>errantem</strong></span> <span class='ocrx_word' id='word_1_39' title='bbox 1086 957 1243 1022; x_wconf 89' lang='lat' dir='ltr'><strong>rusticum</strong></span> <span class='ocrx_word' id='word_1_40' title='bbox 1265 957 1401 1023; x_wconf 86' lang='lat' dir='ltr'><strong>induxit</strong></span> 
     </span>
     <span class='ocr_line' id='line_1_7' title="bbox 297 1059 1400 1151; baseline 0.007 -27"><span class='ocrx_word' id='word_1_41' title='bbox 297 1059 460 1126; x_wconf 88' lang='lat' dir='ltr'><strong>dicentem</strong></span> <span class='ocrx_word' id='word_1_42' title='bbox 490 1061 573 1144; x_wconf 81' lang='lat' dir='ltr'><strong>Quis</strong></span> <span class='ocrx_word' id='word_1_43' title='bbox 602 1061 663 1126; x_wconf 84' lang='lat' dir='ltr'><strong>fuit</strong></span> <span class='ocrx_word' id='word_1_44' title='bbox 684 1062 793 1128; x_wconf 81' lang='lat' dir='ltr'><strong>alter?</strong></span> <span class='ocrx_word' id='word_1_45' title='bbox 827 1064 910 1128; x_wconf 87' lang='lat' dir='ltr'><strong>alter</strong></span> <span class='ocrx_word' id='word_1_46' title='bbox 937 1063 1023 1128; x_wconf 89' lang='lat' dir='ltr'><strong>enim</strong></span> <span class='ocrx_word' id='word_1_47' title='bbox 1051 1063 1211 1151; x_wconf 79' lang='lat' dir='ltr'><strong>accipitur</strong></span> <span class='ocrx_word' id='word_1_48' title='bbox 1238 1088 1321 1132; x_wconf 91' lang='lat' dir='ltr'><strong>unus</strong></span> <span class='ocrx_word' id='word_1_49' title='bbox 1354 1089 1400 1132; x_wconf 87' lang='lat' dir='ltr'><strong>ex</strong></span> 
     </span>
     <span class='ocr_line' id='line_1_8' title="bbox 296 1166 1397 1264; baseline 0.008 -31"><span class='ocrx_word' id='word_1_50' title='bbox 296 1166 442 1235; x_wconf 84' lang='lat' dir='ltr'><strong>duobus“</strong></span> <span class='ocrx_word' id='word_1_51' title='bbox 465 1179 497 1234; x_wconf 88' lang='lat' dir='ltr'><strong>et</strong></span> <span class='ocrx_word' id='word_1_52' title='bbox 520 1169 561 1234; x_wconf 90' lang='lat' dir='ltr'><strong>ad</strong></span> <span class='ocrx_word' id='word_1_53' title='bbox 583 1169 655 1236; x_wconf 83' lang='lat' dir='ltr'><strong>Ecl.</strong></span> <span class='ocrx_word' id='word_1_54' title='bbox 668 1171 697 1254; x_wconf 86' lang='lat'><strong>6,</strong></span> <span class='ocrx_word' id='word_1_55' title='bbox 709 1170 749 1235; x_wconf 85' lang='lat'><strong>31</strong></span> <span class='ocrx_word' id='word_1_56' title='bbox 773 1170 820 1260; x_wconf 91' lang='lat' dir='ltr'><strong>(p.</strong></span> <span class='ocrx_word' id='word_1_57' title='bbox 836 1173 875 1236; x_wconf 89' lang='lat'><strong>10</strong></span> <span class='ocrx_word' id='word_1_58' title='bbox 886 1171 963 1258; x_wconf 83' lang='lat' dir='ltr'><strong>K.):</strong></span> <span class='ocrx_word' id='word_1_59' title='bbox 988 1174 1176 1260; x_wconf 84' lang='lat' dir='ltr'><strong>,proprium</strong></span> <span class='ocrx_word' id='word_1_60' title='bbox 1196 1173 1231 1239; x_wconf 91' lang='lat' dir='ltr'><strong>in</strong></span> <span class='ocrx_word' id='word_1_61' title='bbox 1243 1175 1397 1264; x_wconf 86' lang='lat' dir='ltr'><strong>Vergilio</strong></span> 
     </span>
     <span class='ocr_line' id='line_1_9' title="bbox 296 1279 1398 1366; baseline 0.006 -25"><span class='ocrx_word' id='word_1_62' title='bbox 296 1285 402 1343; x_wconf 90' lang='lat' dir='ltr'><strong>estut</strong></span> <span class='ocrx_word' id='word_1_63' title='bbox 425 1279 507 1346; x_wconf 87' lang='lat' dir='ltr'><strong>nihil</strong></span> <span class='ocrx_word' id='word_1_64' title='bbox 529 1301 685 1365; x_wconf 88' lang='lat' dir='ltr'><strong>magnum</strong></span> <span class='ocrx_word' id='word_1_65' title='bbox 707 1303 765 1345; x_wconf 88' lang='lat' dir='ltr'><strong>sua</strong></span> <span class='ocrx_word' id='word_1_66' title='bbox 790 1279 980 1346; x_wconf 89' lang='lat' dir='ltr'><strong>auctoritate</strong></span> <span class='ocrx_word' id='word_1_67' title='bbox 1003 1281 1185 1366; x_wconf 88' lang='lat' dir='ltr'><strong>confirmet,</strong></span> <span class='ocrx_word' id='word_1_68' title='bbox 1216 1283 1274 1348; x_wconf 88' lang='lat' dir='ltr'><strong>sed</strong></span> <span class='ocrx_word' id='word_1_69' title='bbox 1302 1293 1356 1350; x_wconf 91' lang='lat' dir='ltr'><strong>aut</strong></span> <span class='ocrx_word' id='word_1_70' title='bbox 1377 1309 1398 1348; x_wconf 90' lang='lat' dir='ltr'><strong>a</strong></span> 
     </span>
     <span class='ocr_line' id='line_1_10' title="bbox 295 1388 1398 1476; baseline 0.003 -20"><span class='ocrx_word' id='word_1_71' title='bbox 295 1389 398 1456; x_wconf 91' lang='lat' dir='ltr'><strong>Musis</strong></span> <span class='ocrx_word' id='word_1_72' title='bbox 421 1399 592 1476; x_wconf 86' lang='lat' dir='ltr'><strong>acceptum</strong></span> <span class='ocrx_word' id='word_1_73' title='bbox 616 1388 702 1454; x_wconf 89' lang='lat' dir='ltr'><strong>dicat</strong></span> <span class='ocrx_word' id='word_1_74' title='bbox 730 1399 785 1454; x_wconf 92' lang='lat' dir='ltr'><strong>aut</strong></span> <span class='ocrx_word' id='word_1_75' title='bbox 806 1389 998 1455; x_wconf 87' lang='lat' dir='ltr'><strong>admirabile</strong></span> <span class='ocrx_word' id='word_1_76' title='bbox 1022 1391 1126 1455; x_wconf 86' lang='lat' dir='ltr'><strong>famae</strong></span> <span class='ocrx_word' id='word_1_77' title='bbox 1150 1390 1279 1458; x_wconf 88' lang='lat' dir='ltr'><strong>tribuat.</strong></span> <span class='ocrx_word' id='word_1_78' title='bbox 1322 1393 1398 1459; x_wconf 88' lang='lat' dir='ltr'><strong>Hoc</strong></span> 
     </span>
     <span class='ocr_line' id='line_1_11' title="bbox 212 1496 1396 1584; baseline 0.005 -24"><span class='ocrx_word' id='word_1_79' title='bbox 212 1511 215 1516; x_wconf 88' lang='lat'>&#39;</span> <span class='ocrx_word' id='word_1_80' title='bbox 296 1496 429 1581; x_wconf 88' lang='lat' dir='ltr'><strong>quidam</strong></span> <span class='ocrx_word' id='word_1_81' title='bbox 451 1498 650 1564; x_wconf 89' lang='lat' dir='ltr'><strong>diffidentiae</strong></span> <span class='ocrx_word' id='word_1_82' title='bbox 672 1497 783 1564; x_wconf 90' lang='lat' dir='ltr'><strong>dicunt</strong></span> <span class='ocrx_word' id='word_1_83' title='bbox 800 1498 889 1583; x_wconf 86' lang='lat' dir='ltr'><strong>sqq.“</strong></span> <span class='ocrx_word' id='word_1_84' title='bbox 912 1521 1070 1584; x_wconf 86' lang='lat' dir='ltr'><strong>nusquam</strong></span> <span class='ocrx_word' id='word_1_85' title='bbox 1090 1499 1124 1563; x_wconf 91' lang='lat' dir='ltr'><strong>in</strong></span> <span class='ocrx_word' id='word_1_86' title='bbox 1136 1507 1205 1564; x_wconf 90' lang='lat' dir='ltr'><strong>toto</strong></span> <span class='ocrx_word' id='word_1_87' title='bbox 1217 1499 1300 1566; x_wconf 92' lang='lat' dir='ltr'><strong>libro</strong></span> <span class='ocrx_word' id='word_1_88' title='bbox 1313 1500 1396 1566; x_wconf 87' lang='lat' dir='ltr'><strong>iudi-</strong></span> 
     </span>
     <span class='ocr_line' id='line_1_12' title="bbox 296 1604 1394 1695; baseline 0.006 -27"><span class='ocrx_word' id='word_1_89' title='bbox 296 1604 382 1669; x_wconf 91' lang='lat' dir='ltr'><strong>cium</strong></span> <span class='ocrx_word' id='word_1_90' title='bbox 405 1605 621 1693; x_wconf 89' lang='lat' dir='ltr'><strong>quodcunque</strong></span> <span class='ocrx_word' id='word_1_91' title='bbox 644 1607 684 1671; x_wconf 93' lang='lat' dir='ltr'><strong>de</strong></span> <span class='ocrx_word' id='word_1_92' title='bbox 706 1605 837 1693; x_wconf 85' lang='lat' dir='ltr'><strong>Vergili</strong></span> <span class='ocrx_word' id='word_1_93' title='bbox 867 1615 936 1671; x_wconf 85' lang='lat' dir='ltr'><strong>arte</strong></span> <span class='ocrx_word' id='word_1_94' title='bbox 965 1607 1128 1694; x_wconf 81' lang='lat' dir='ltr'><strong>posuerit3</strong></span> <span class='ocrx_word' id='word_1_95' title='bbox 1162 1608 1218 1672; x_wconf 88' lang='lat' dir='ltr'><strong>sed</strong></span> <span class='ocrx_word' id='word_1_96' title='bbox 1249 1618 1285 1673; x_wconf 93' lang='lat' dir='ltr'><strong>ut</strong></span> <span class='ocrx_word' id='word_1_97' title='bbox 1313 1609 1394 1695; x_wconf 83' lang='lat' dir='ltr'><strong>dixi,</strong></span> 
     </span>
     <span class='ocr_line' id='line_1_13' title="bbox 295 1713 1394 1803; baseline 0.003 -23"><span class='ocrx_word' id='word_1_98' title='bbox 295 1713 373 1780; x_wconf 89' lang='lat' dir='ltr'><strong>nolo</strong></span> <span class='ocrx_word' id='word_1_99' title='bbox 394 1713 457 1780; x_wconf 90' lang='lat' dir='ltr'><strong>hoe</strong></span> <span class='ocrx_word' id='word_1_100' title='bbox 478 1737 639 1802; x_wconf 80' lang='lat' dir='ltr'><strong>premere,</strong></span> <span class='ocrx_word' id='word_1_101' title='bbox 664 1715 738 1802; x_wconf 90' lang='lat' dir='ltr'><strong>quia</strong></span> <span class='ocrx_word' id='word_1_102' title='bbox 766 1715 827 1780; x_wconf 88' lang='lat' dir='ltr'><strong>hac</strong></span> <span class='ocrx_word' id='word_1_103' title='bbox 855 1737 984 1802; x_wconf 92' lang='lat' dir='ltr'><strong>quoque</strong></span> <span class='ocrx_word' id='word_1_104' title='bbox 1012 1715 1047 1780; x_wconf 91' lang='lat' dir='ltr'><strong>in</strong></span> <span class='ocrx_word' id='word_1_105' title='bbox 1073 1737 1110 1780; x_wconf 90' lang='lat' dir='ltr'><strong>re</strong></span> <span class='ocrx_word' id='word_1_106' title='bbox 1140 1738 1308 1803; x_wconf 88' lang='lat' dir='ltr'><strong>quousque</strong></span> <span class='ocrx_word' id='word_1_107' title='bbox 1336 1740 1394 1784; x_wconf 90' lang='lat' dir='ltr'><strong>ex·</strong></span> 
     </span>
     <span class='ocr_line' id='line_1_14' title="bbox 295 1823 1394 1912; baseline 0 -24"><span class='ocrx_word' id='word_1_108' title='bbox 295 1824 454 1910; x_wconf 87' lang='lat' dir='ltr'><strong>oerptoris</strong></span> <span class='ocrx_word' id='word_1_109' title='bbox 472 1847 585 1890; x_wconf 86' lang='lat' dir='ltr'><strong>manus</strong></span> <span class='ocrx_word' id='word_1_110' title='bbox 605 1823 747 1912; x_wconf 85' lang='lat' dir='ltr'><strong>grassari</strong></span> <span class='ocrx_word' id='word_1_111' title='bbox 758 1823 912 1912; x_wconf 87' lang='lat' dir='ltr'><strong>potuerit,</strong></span> <span class='ocrx_word' id='word_1_112' title='bbox 929 1823 1055 1888; x_wconf 92' lang='lat' dir='ltr'><strong>nullum</strong></span> <span class='ocrx_word' id='word_1_113' title='bbox 1065 1823 1222 1889; x_wconf 86' lang='lat' dir='ltr'><strong>hebemus</strong></span> <span class='ocrx_word' id='word_1_114' title='bbox 1236 1823 1394 1888; x_wconf 89' lang='lat' dir='ltr'><strong>indicium</strong></span> 
     </span>
     <span class='ocr_line' id='line_1_15' title="bbox 296 1929 1393 2019; baseline -0.001 -23"><span class='ocrx_word' id='word_1_115' title='bbox 296 1941 430 1996; x_wconf 89' lang='lat' dir='ltr'><strong>certum.</strong></span> <span class='ocrx_word' id='word_1_116' title='bbox 475 1929 617 2019; x_wconf 88' lang='lat' dir='ltr'><strong>Oportet</strong></span> <span class='ocrx_word' id='word_1_117' title='bbox 637 1931 738 2019; x_wconf 88' lang='lat' dir='ltr'><strong>igitur</strong></span> <span class='ocrx_word' id='word_1_118' title='bbox 761 1941 795 1996; x_wconf 88' lang='lat' dir='ltr'><strong>ut</strong></span> <span class='ocrx_word' id='word_1_119' title='bbox 819 1955 885 1998; x_wconf 91' lang='lat' dir='ltr'><strong>non</strong></span> <span class='ocrx_word' id='word_1_120' title='bbox 908 1930 1013 1996; x_wconf 91' lang='lat' dir='ltr'><strong>solum</strong></span> <span class='ocrx_word' id='word_1_121' title='bbox 1035 1930 1136 1996; x_wconf 88' lang='lat' dir='ltr'><strong>exeis</strong></span> <span class='ocrx_word' id='word_1_122' title='bbox 1159 1953 1242 2016; x_wconf 88' lang='lat' dir='ltr'><strong>quae</strong></span> <span class='ocrx_word' id='word_1_123' title='bbox 1264 1930 1393 1998; x_wconf 90' lang='lat' dir='ltr'><strong>deside·</strong></span> 
     </span>
     <span class='ocr_line' id='line_1_16' title="bbox 294 2039 1398 2130; baseline -0.002 -23"><span class='ocrx_word' id='word_1_124' title='bbox 294 2049 409 2107; x_wconf 87' lang='lat' dir='ltr'><strong>rantur</strong></span> <span class='ocrx_word' id='word_1_125' title='bbox 429 2041 487 2107; x_wconf 86' lang='lat' dir='ltr'><strong>sed</strong></span> <span class='ocrx_word' id='word_1_126' title='bbox 510 2063 552 2108; x_wconf 91' lang='lat' dir='ltr'><strong>ex</strong></span> <span class='ocrx_word' id='word_1_127' title='bbox 577 2041 656 2130; x_wconf 88' lang='lat' dir='ltr'><strong>ipsis</strong></span> <span class='ocrx_word' id='word_1_128' title='bbox 681 2040 891 2106; x_wconf 88' lang='lat' dir='ltr'><strong>commentari</strong></span> <span class='ocrx_word' id='word_1_129' title='bbox 913 2039 1021 2104; x_wconf 87' lang='lat' dir='ltr'><strong>verbis</strong></span> <span class='ocrx_word' id='word_1_130' title='bbox 1043 2049 1235 2126; x_wconf 86' lang='lat' dir='ltr'><strong>argumenta</strong></span> <span class='ocrx_word' id='word_1_131' title='bbox 1249 2062 1398 2106; x_wconf 86' lang='lat' dir='ltr'><strong>eruemus</strong></span> 
     </span>
     <span class='ocr_line' id='line_1_17' title="bbox 296 2147 1396 2235; baseline 0 -21"><span class='ocrx_word' id='word_1_132' title='bbox 296 2148 411 2235; x_wconf 92' lang='lat' dir='ltr'><strong>quibus</strong></span> <span class='ocrx_word' id='word_1_133' title='bbox 434 2149 476 2214; x_wconf 84' lang='lat' dir='ltr'><strong>ad</strong></span> <span class='ocrx_word' id='word_1_134' title='bbox 498 2151 715 2215; x_wconf 88' lang='lat' dir='ltr'><strong>recentiorem</strong></span> <span class='ocrx_word' id='word_1_135' title='bbox 737 2149 795 2214; x_wconf 88' lang='lat' dir='ltr'><strong>ille</strong></span> <span class='ocrx_word' id='word_1_136' title='bbox 816 2157 956 2213; x_wconf 90' lang='lat' dir='ltr'><strong>aetatem</strong></span> <span class='ocrx_word' id='word_1_137' title='bbox 978 2147 1188 2232; x_wconf 70' lang='lat' dir='ltr'><strong>detrudatur,</strong></span> <span class='ocrx_word' id='word_1_138' title='bbox 1224 2169 1262 2213; x_wconf 89' lang='lat' dir='ltr'><strong>ea</strong></span> <span class='ocrx_word' id='word_1_139' title='bbox 1284 2158 1396 2214; x_wconf 87' lang='lat' dir='ltr'><strong>autem</strong></span> 
     </span>
     <span class='ocr_line' id='line_1_18' title="bbox 294 2256 1394 2346; baseline 0.001 -24"><span class='ocrx_word' id='word_1_140' title='bbox 294 2256 412 2346; x_wconf 85' lang='lat' dir='ltr'><strong>partim</strong></span> <span class='ocrx_word' id='word_1_141' title='bbox 428 2280 471 2323; x_wconf 90' lang='lat' dir='ltr'><strong>ex</strong></span> <span class='ocrx_word' id='word_1_142' title='bbox 491 2258 565 2323; x_wconf 89' lang='lat' dir='ltr'><strong>libri</strong></span> <span class='ocrx_word' id='word_1_143' title='bbox 585 2258 820 2346; x_wconf 88' lang='lat' dir='ltr'><strong>compositione</strong></span> <span class='ocrx_word' id='word_1_144' title='bbox 843 2257 962 2343; x_wconf 87' lang='lat' dir='ltr'><strong>partim</strong></span> <span class='ocrx_word' id='word_1_145' title='bbox 984 2278 1026 2321; x_wconf 87' lang='lat' dir='ltr'><strong>ex</strong></span> <span class='ocrx_word' id='word_1_146' title='bbox 1049 2256 1094 2322; x_wconf 91' lang='lat' dir='ltr'><strong>eis</strong></span> <span class='ocrx_word' id='word_1_147' title='bbox 1118 2257 1235 2342; x_wconf 90' lang='lat' dir='ltr'><strong>quibus</strong></span> <span class='ocrx_word' id='word_1_148' title='bbox 1256 2279 1274 2321; x_wconf 93' lang='lat' dir='ltr'><strong>a</strong></span> <span class='ocrx_word' id='word_1_149' title='bbox 1295 2258 1394 2324; x_wconf 90' lang='lat' dir='ltr'><strong>stulto</strong></span> 
     </span>
     <span class='ocr_line' id='line_1_19' title="bbox 295 2365 1392 2454; baseline -0.002 -22"><span class='ocrx_word' id='word_1_150' title='bbox 295 2375 328 2432; x_wconf 91' lang='lat' dir='ltr'><strong>et</strong></span> <span class='ocrx_word' id='word_1_151' title='bbox 348 2366 478 2433; x_wconf 89' lang='lat' dir='ltr'><strong>indocto</strong></span> <span class='ocrx_word' id='word_1_152' title='bbox 500 2367 631 2432; x_wconf 88' lang='lat' dir='ltr'><strong>homine</strong></span> <span class='ocrx_word' id='word_1_153' title='bbox 658 2366 876 2451; x_wconf 84' lang='lat' dir='ltr'><strong>(confidenter</strong></span> <span class='ocrx_word' id='word_1_154' title='bbox 895 2365 959 2430; x_wconf 91' lang='lat' dir='ltr'><strong>hoe</strong></span> <span class='ocrx_word' id='word_1_155' title='bbox 980 2365 1065 2448; x_wconf 87' lang='lat' dir='ltr'><strong>dico,</strong></span> <span class='ocrx_word' id='word_1_156' title='bbox 1088 2388 1282 2454; x_wconf 86' lang='lat' dir='ltr'><strong>quamquam</strong></span> <span class='ocrx_word' id='word_1_157' title='bbox 1303 2365 1392 2431; x_wconf 88' lang='lat' dir='ltr'><strong>haud</strong></span> 
     </span>
     <span class='ocr_line' id='line_1_20' title="bbox 294 2473 1394 2563; baseline -0.001 -23"><span class='ocrx_word' id='word_1_158' title='bbox 294 2475 513 2561; x_wconf 88' lang='lat' dir='ltr'><strong>spernendam</strong></span> <span class='ocrx_word' id='word_1_159' title='bbox 540 2474 647 2542; x_wconf 87' lang='lat' dir='ltr'><strong>inesse</strong></span> <span class='ocrx_word' id='word_1_160' title='bbox 672 2475 854 2541; x_wconf 89' lang='lat' dir='ltr'><strong>doctrinam</strong></span> <span class='ocrx_word' id='word_1_161' title='bbox 878 2473 1042 2560; x_wconf 80' lang='lat' dir='ltr'><strong>concessi)</strong></span> <span class='ocrx_word' id='word_1_162' title='bbox 1071 2473 1227 2563; x_wconf 87' lang='lat' dir='ltr'><strong>scriptum</strong></span> <span class='ocrx_word' id='word_1_163' title='bbox 1257 2495 1293 2539; x_wconf 88' lang='lat' dir='ltr'><strong>se</strong></span> <span class='ocrx_word' id='word_1_164' title='bbox 1322 2495 1394 2540; x_wconf 87' lang='lat' dir='ltr'><strong>esse</strong></span> 
     </span>
     <span class='ocr_line' id='line_1_21' title="bbox 294 2583 671 2673; baseline 0.005 -25"><span class='ocrx_word' id='word_1_165' title='bbox 294 2583 405 2671; x_wconf 91' lang='lat' dir='ltr'><strong>prodit</strong></span> <span class='ocrx_word' id='word_1_166' title='bbox 424 2585 565 2673; x_wconf 88' lang='lat' dir='ltr'><strong>petenda</strong></span> <span class='ocrx_word' id='word_1_167' title='bbox 588 2593 671 2650; x_wconf 88' lang='lat' dir='ltr'><strong>sunt.</strong></span> 
     </span>
    </p>

    <p class='ocr_par' dir='ltr' id='par_1_3' title="bbox 293 2689 1394 4187">
     <span class='ocr_line' id='line_1_22' title="bbox 379 2689 1394 2779; baseline -0.002 -21"><span class='ocrx_word' id='word_1_168' title='bbox 379 2693 435 2758; x_wconf 88' lang='lat' dir='ltr'><strong>Ad</strong></span> <span class='ocrx_word' id='word_1_169' title='bbox 457 2693 528 2759; x_wconf 83' lang='lat' dir='ltr'><strong>Ecl.</strong></span> <span class='ocrx_word' id='word_1_170' title='bbox 552 2693 583 2777; x_wconf 89' lang='lat'><strong>3,</strong></span> <span class='ocrx_word' id='word_1_171' title='bbox 604 2693 647 2758; x_wconf 90' lang='grc'><strong>40</strong></span> <span class='ocrx_word' id='word_1_172' title='bbox 678 2693 759 2758; x_wconf 86' lang='lat' dir='ltr'><strong>haec</strong></span> <span class='ocrx_word' id='word_1_173' title='bbox 778 2691 943 2758; x_wconf 90' lang='lat' dir='ltr'><strong>adnotatio</strong></span> <span class='ocrx_word' id='word_1_174' title='bbox 967 2691 1132 2779; x_wconf 85' lang='lat' dir='ltr'><strong>adscripta</strong></span> <span class='ocrx_word' id='word_1_175' title='bbox 1154 2701 1218 2758; x_wconf 86' lang='lat' dir='ltr'><strong>est:</strong></span> <span class='ocrx_word' id='word_1_176' title='bbox 1258 2689 1394 2774; x_wconf 79' lang='lat' dir='ltr'><strong>„Conon</strong></span> 
     </span>
     <span class='ocr_line' id='line_1_23' title="bbox 295 2798 1393 2887; baseline -0.005 -18"><span class='ocrx_word' id='word_1_177' title='bbox 295 2799 424 2869; x_wconf 84' lang='lat' dir='ltr'><strong>Samius</strong></span> <span class='ocrx_word' id='word_1_178' title='bbox 444 2800 702 2866; x_wconf 88' lang='lat' dir='ltr'><strong>mathematicus.</strong></span> <span class='ocrx_word' id='word_1_179' title='bbox 735 2799 804 2868; x_wconf 82' lang='lat' dir='ltr'><strong>Sed</strong></span> <span class='ocrx_word' id='word_1_180' title='bbox 825 2798 971 2887; x_wconf 87' lang='lat' dir='ltr'><strong>quamvis</strong></span> <span class='ocrx_word' id='word_1_181' title='bbox 992 2798 1104 2886; x_wconf 91' lang='lat' dir='ltr'><strong>plures</strong></span> <span class='ocrx_word' id='word_1_182' title='bbox 1127 2799 1248 2864; x_wconf 84' lang='lat' dir='ltr'><strong>fuerint</strong></span> <span class='ocrx_word' id='word_1_183' title='bbox 1271 2798 1393 2864; x_wconf 88' lang='lat' dir='ltr'><strong>mathe-</strong></span> 
     </span>
     <span class='ocr_line' id='line_1_24' title="bbox 293 2906 1393 2996; baseline -0.002 -22"><span class='ocrx_word' id='word_1_184' title='bbox 293 2909 414 2992; x_wconf 89' lang='lat' dir='ltr'><strong>matici,</strong></span> <span class='ocrx_word' id='word_1_185' title='bbox 438 2910 606 2996; x_wconf 87' lang='lat' dir='ltr'><strong>eleganter</strong></span> <span class='ocrx_word' id='word_1_186' title='bbox 628 2917 789 2975; x_wconf 89' lang='lat' dir='ltr'><strong>errantem</strong></span> <span class='ocrx_word' id='word_1_187' title='bbox 810 2907 967 2973; x_wconf 88' lang='lat' dir='ltr'><strong>rusticum</strong></span> <span class='ocrx_word' id='word_1_188' title='bbox 986 2907 1117 2972; x_wconf 86' lang='lat' dir='ltr'><strong>induxit</strong></span> <span class='ocrx_word' id='word_1_189' title='bbox 1134 2907 1298 2972; x_wconf 87' lang='lat' dir='ltr'><strong>dicentem</strong></span> <span class='ocrx_word' id='word_1_190' title='bbox 1311 2906 1393 2989; x_wconf 81' lang='lat' dir='ltr'><strong>Quis</strong></span> 
     </span>
     <span class='ocr_line' id='line_1_25' title="bbox 293 3012 1393 3104; baseline -0.004 -22"><span class='ocrx_word' id='word_1_191' title='bbox 293 3015 355 3082; x_wconf 90' lang='lat' dir='ltr'><strong>fuit</strong></span> <span class='ocrx_word' id='word_1_192' title='bbox 376 3016 483 3082; x_wconf 79' lang='lat' dir='ltr'><strong>alter?</strong></span> <span class='ocrx_word' id='word_1_193' title='bbox 515 3017 598 3082; x_wconf 88' lang='lat' dir='ltr'><strong>alter</strong></span> <span class='ocrx_word' id='word_1_194' title='bbox 620 3015 708 3083; x_wconf 87' lang='lat' dir='ltr'><strong>enim</strong></span> <span class='ocrx_word' id='word_1_195' title='bbox 730 3014 890 3104; x_wconf 89' lang='lat' dir='ltr'><strong>accipitur</strong></span> <span class='ocrx_word' id='word_1_196' title='bbox 911 3037 994 3081; x_wconf 90' lang='lat' dir='ltr'><strong>unus</strong></span> <span class='ocrx_word' id='word_1_197' title='bbox 1017 3035 1059 3079; x_wconf 90' lang='lat' dir='ltr'><strong>ex</strong></span> <span class='ocrx_word' id='word_1_198' title='bbox 1080 3014 1214 3080; x_wconf 89' lang='lat' dir='ltr'><strong>duobus.</strong></span> <span class='ocrx_word' id='word_1_199' title='bbox 1261 3012 1301 3078; x_wconf 82' lang='lat' dir='ltr'><strong>ln</strong></span> <span class='ocrx_word' id='word_1_200' title='bbox 1325 3015 1393 3079; x_wconf 79' lang='lat' dir='ltr'><strong>olio</strong></span> 
     </span>
     <span class='ocr_line' id='line_1_26' title="bbox 294 3121 1392 3211; baseline -0.001 -22"><span class='ocrx_word' id='word_1_201' title='bbox 294 3127 361 3190; x_wconf 82' lang='lat' dir='ltr'><strong>aio:</strong></span> <span class='ocrx_word' id='word_1_202' title='bbox 395 3123 511 3192; x_wconf 82' lang='lat' dir='ltr'><strong>Conon</strong></span> <span class='ocrx_word' id='word_1_203' title='bbox 530 3123 785 3208; x_wconf 84' lang='lat' dir='ltr'><strong>mathematicus,</strong></span> <span class='ocrx_word' id='word_1_204' title='bbox 815 3123 1005 3211; x_wconf 86' lang='lat' dir='ltr'><strong>Aegyptius</strong></span> <span class='ocrx_word' id='word_1_205' title='bbox 1029 3121 1175 3207; x_wconf 81' lang='lat' dir='ltr'><strong>natione,</strong></span> <span class='ocrx_word' id='word_1_206' title='bbox 1203 3123 1392 3190; x_wconf 84' lang='lat' dir='ltr'><strong>Ptolemaeo</strong></span> 
     </span>
     <span class='ocr_line' id='line_1_27' title="bbox 294 3230 1393 3326; baseline -0.002 -28"><span class='ocrx_word' id='word_1_207' title='bbox 294 3233 449 3300; x_wconf 88' lang='lat' dir='ltr'><strong>adsiduus</strong></span> <span class='ocrx_word' id='word_1_208' title='bbox 470 3233 571 3300; x_wconf 86' lang='lat' dir='ltr'><strong>libros</strong></span> <span class='ocrx_word' id='word_1_209' title='bbox 591 3233 633 3296; x_wconf 90' lang='lat' dir='ltr'><strong>de</strong></span> <span class='ocrx_word' id='word_1_210' title='bbox 654 3231 832 3316; x_wconf 87' lang='lat' dir='ltr'><strong>astrologia</strong></span> <span class='ocrx_word' id='word_1_211' title='bbox 851 3231 924 3297; x_wconf 92' lang='lat' dir='ltr'><strong>VII</strong></span> <span class='ocrx_word' id='word_1_212' title='bbox 947 3230 1091 3314; x_wconf 85' lang='lat' dir='ltr'><strong>reliquit.</strong></span> <span class='ocrx_word' id='word_1_213' title='bbox 1136 3231 1290 3326; x_wconf 83' lang='lat' dir='ltr'><strong>Alterum</strong></span> <span class='ocrx_word' id='word_1_214' title='bbox 1319 3241 1393 3320; x_wconf 88' lang='lat' dir='ltr'><strong>pest</strong></span> 
     </span>
     <span class='ocr_line' id='line_1_28' title="bbox 295 3338 1393 3430; baseline -0.006 -20"><span class='ocrx_word' id='word_1_215' title='bbox 295 3341 465 3410; x_wconf 81' lang='lat' dir='ltr'><strong>Cononem</strong></span> <span class='ocrx_word' id='word_1_216' title='bbox 487 3364 584 3430; x_wconf 90' lang='lat' dir='ltr'><strong>quem</strong></span> <span class='ocrx_word' id='word_1_217' title='bbox 606 3341 692 3406; x_wconf 88' lang='lat' dir='ltr'><strong>dicat</strong></span> <span class='ocrx_word' id='word_1_218' title='bbox 714 3340 876 3404; x_wconf 89' lang='lat' dir='ltr'><strong>incertum</strong></span> <span class='ocrx_word' id='word_1_219' title='bbox 896 3349 956 3424; x_wconf 88' lang='lat' dir='ltr'><strong>est,</strong></span> <span class='ocrx_word' id='word_1_220' title='bbox 978 3339 1037 3404; x_wconf 91' lang='lat' dir='ltr'><strong>sed</strong></span> <span class='ocrx_word' id='word_1_221' title='bbox 1057 3340 1263 3427; x_wconf 89' lang='lat' dir='ltr'><strong>suspicantur</strong></span> <span class='ocrx_word' id='word_1_222' title='bbox 1276 3338 1393 3404; x_wconf 84' lang='lat' dir='ltr'><strong>Archi—</strong></span> 
     </span>
     <span class='ocr_line' id='line_1_29' title="bbox 293 3444 1392 3537; baseline -0.005 -20"><span class='ocrx_word' id='word_1_223' title='bbox 293 3449 424 3517; x_wconf 89' lang='lat' dir='ltr'><strong>medem</strong></span> <span class='ocrx_word' id='word_1_224' title='bbox 446 3450 598 3536; x_wconf 88' lang='lat' dir='ltr'><strong>quoniam</strong></span> <span class='ocrx_word' id='word_1_225' title='bbox 612 3447 756 3517; x_wconf 83' lang='lat' dir='ltr'><strong>Cononis</strong></span> <span class='ocrx_word' id='word_1_226' title='bbox 774 3448 964 3537; x_wconf 90' lang='lat' dir='ltr'><strong>discipulus,</strong></span> <span class='ocrx_word' id='word_1_227' title='bbox 987 3446 1118 3533; x_wconf 89' lang='lat' dir='ltr'><strong>quidam</strong></span> <span class='ocrx_word' id='word_1_228' title='bbox 1127 3446 1303 3514; x_wconf 83' lang='lat' dir='ltr'><strong>Eudoxum</strong></span> <span class='ocrx_word' id='word_1_229' title='bbox 1316 3444 1392 3513; x_wconf 82' lang='lat' dir='ltr'><strong>Oni-</strong></span> 
     </span>
     <span class='ocr_line' id='line_1_30' title="bbox 295 3554 1393 3648; baseline -0.004 -26"><span class='ocrx_word' id='word_1_230' title='bbox 295 3557 384 3624; x_wconf 90' lang='lat' dir='ltr'><strong>dinm</strong></span> <span class='ocrx_word' id='word_1_231' title='bbox 396 3558 451 3644; x_wconf 90' lang='lat' dir='ltr'><strong>qui</strong></span> <span class='ocrx_word' id='word_1_232' title='bbox 464 3557 505 3622; x_wconf 90' lang='lat' dir='ltr'><strong>de</strong></span> <span class='ocrx_word' id='word_1_233' title='bbox 521 3557 698 3643; x_wconf 86' lang='lat' dir='ltr'><strong>astrologia</strong></span> <span class='ocrx_word' id='word_1_234' title='bbox 707 3555 934 3648; x_wconf 86' lang='lat' dir='ltr'><strong>disputaverit,</strong></span> <span class='ocrx_word' id='word_1_235' title='bbox 950 3554 1082 3642; x_wconf 89' lang='lat' dir='ltr'><strong>quidam</strong></span> <span class='ocrx_word' id='word_1_236' title='bbox 1094 3554 1232 3620; x_wconf 88' lang='lat' dir='ltr'><strong>Aratum</strong></span> <span class='ocrx_word' id='word_1_237' title='bbox 1246 3556 1280 3620; x_wconf 92' lang='lat' dir='ltr'><strong>in</strong></span> <span class='ocrx_word' id='word_1_238' title='bbox 1295 3577 1393 3641; x_wconf 90' lang='lat' dir='ltr'><strong>quem</strong></span> 
     </span>
     <span class='ocr_line' id='line_1_31' title="bbox 293 3664 1393 3754; baseline -0.004 -21"><span class='ocrx_word' id='word_1_239' title='bbox 293 3667 375 3733; x_wconf 89' lang='lat' dir='ltr'><strong>fides</strong></span> <span class='ocrx_word' id='word_1_240' title='bbox 398 3667 528 3732; x_wconf 85' lang='lat' dir='ltr'><strong>videtur</strong></span> <span class='ocrx_word' id='word_1_241' title='bbox 548 3674 664 3732; x_wconf 85' lang='lat' dir='ltr'><strong>nutare</strong></span> <span class='ocrx_word' id='word_1_242' title='bbox 689 3665 841 3753; x_wconf 88' lang='lat' dir='ltr'><strong>quoniam</strong></span> <span class='ocrx_word' id='word_1_243' title='bbox 864 3664 1081 3751; x_wconf 87' lang='lat' dir='ltr'><strong>Prognostica</strong></span> <span class='ocrx_word' id='word_1_244' title='bbox 1110 3664 1237 3748; x_wconf 85' lang='lat' dir='ltr'><strong>fecerit,</strong></span> <span class='ocrx_word' id='word_1_245' title='bbox 1262 3665 1393 3754; x_wconf 92' lang='lat' dir='ltr'><strong>quidam</strong></span> 
     </span>
     <span class='ocr_line' id='line_1_32' title="bbox 293 3772 1394 3864; baseline -0.008 -21"><span class='ocrx_word' id='word_1_246' title='bbox 293 3775 477 3843; x_wconf 84' lang='lat' dir='ltr'><strong>Hesiodum</strong></span> <span class='ocrx_word' id='word_1_247' title='bbox 500 3773 588 3864; x_wconf 89' lang='lat' dir='ltr'><strong>quod</strong></span> <span class='ocrx_word' id='word_1_248' title='bbox 610 3773 729 3840; x_wconf 81' lang='lat' dir='ltr'><strong>dixerit</strong></span> <span class='ocrx_word' id='word_1_249' title='bbox 751 3773 811 3837; x_wconf 80' lang='lat' dir='ltr'><strong>ita:</strong></span> <span class='ocrx_word' id='word_1_250' title='bbox 834 3772 1013 3854; x_wconf 75' lang='grc' dir='ltr'><strong>Πληιάδων</strong></span> <span class='ocrx_word' id='word_1_251' title='bbox 1035 3772 1247 3854; x_wconf 77' lang='grc' dir='ltr'><strong><em>Ἀτλαγενέων</em></strong></span> <span class='ocrx_word' id='word_1_252' title='bbox 1269 3772 1394 3835; x_wconf 81' lang='grc' dir='ltr'><strong><em>ἐπιτελ-</em></strong></span> 
     </span>
     <span class='ocr_line' id='line_1_33' title="bbox 294 3882 1393 3970; baseline 0.002 -24"><span class='ocrx_word' id='word_1_253' title='bbox 294 3882 466 3964; x_wconf 75' lang='grc' dir='ltr'><em>λομενάων,</em></span> <span class='ocrx_word' id='word_1_254' title='bbox 492 3883 579 3969; x_wconf 93' lang='lat' dir='ltr'><strong>quod</strong></span> <span class='ocrx_word' id='word_1_255' title='bbox 602 3893 635 3948; x_wconf 92' lang='lat' dir='ltr'><strong>et</strong></span> <span class='ocrx_word' id='word_1_256' title='bbox 647 3883 719 3949; x_wconf 84' lang='lat' dir='ltr'><strong>hio:</strong></span> <span class='ocrx_word' id='word_1_257' title='bbox 744 3883 908 3970; x_wconf 82' lang='lat' dir='ltr'><strong>Tempora</strong></span> <span class='ocrx_word' id='word_1_258' title='bbox 923 3902 1006 3969; x_wconf 89' lang='lat' dir='ltr'><strong>quae</strong></span> <span class='ocrx_word' id='word_1_259' title='bbox 1019 3902 1154 3964; x_wconf 88' lang='lat' dir='ltr'><strong>messor,</strong></span> <span class='ocrx_word' id='word_1_260' title='bbox 1177 3903 1260 3966; x_wconf 86' lang='lat' dir='ltr'><strong>quae</strong></span> <span class='ocrx_word' id='word_1_261' title='bbox 1275 3903 1393 3948; x_wconf 88' lang='lat' dir='ltr'><strong>curvus</strong></span> 
     </span>
     <span class='ocr_line' id='line_1_34' title="bbox 293 3989 1393 4080; baseline -0.003 -21"><span class='ocrx_word' id='word_1_262' title='bbox 293 4002 400 4060; x_wconf 87' lang='lat' dir='ltr'><strong>arator</strong></span> <span class='ocrx_word' id='word_1_263' title='bbox 422 3992 587 4059; x_wconf 82' lang='lat' dir='ltr'><strong>haberet.“</strong></span> <span class='ocrx_word' id='word_1_264' title='bbox 632 3993 782 4080; x_wconf 84' lang='lat' dir='ltr'><strong>Apparet</strong></span> <span class='ocrx_word' id='word_1_265' title='bbox 803 4013 846 4058; x_wconf 88' lang='lat' dir='ltr'><strong>ex</strong></span> <span class='ocrx_word' id='word_1_266' title='bbox 864 3989 973 4056; x_wconf 83' lang='lat' dir='ltr'><strong>verbis</strong></span> <span class='ocrx_word' id='word_1_267' title='bbox 997 3989 1057 4073; x_wconf 91' lang='lat' dir='ltr'><strong>,In</strong></span> <span class='ocrx_word' id='word_1_268' title='bbox 1078 3990 1142 4054; x_wconf 87' lang='lat' dir='ltr'><strong>alio</strong></span> <span class='ocrx_word' id='word_1_269' title='bbox 1165 3989 1232 4056; x_wconf 80' lang='lat' dir='ltr'><strong>sic“</strong></span> <span class='ocrx_word' id='word_1_270' title='bbox 1254 3989 1393 4056; x_wconf 91' lang='lat' dir='ltr'><strong>duorum</strong></span> 
     </span>
     <span class='ocr_line' id='line_1_35' title="bbox 294 4101 1394 4187; baseline -0.004 -17"><span class='ocrx_word' id='word_1_271' title='bbox 294 4104 519 4172; x_wconf 83' lang='lat' dir='ltr'><strong>adnotationes</strong></span> <span class='ocrx_word' id='word_1_272' title='bbox 541 4103 595 4169; x_wconf 90' lang='lat' dir='ltr'><strong>hio</strong></span> <span class='ocrx_word' id='word_1_273' title='bbox 619 4125 691 4170; x_wconf 88' lang='lat' dir='ltr'><strong>csse</strong></span> <span class='ocrx_word' id='word_1_274' title='bbox 720 4104 968 4170; x_wconf 82' lang='lat' dir='ltr'><strong>consarcinatae.</strong></span> <span class='ocrx_word' id='word_1_275' title='bbox 1011 4101 1052 4167; x_wconf 95' lang='lat' dir='ltr'><strong>Id</strong></span> <span class='ocrx_word' id='word_1_276' title='bbox 1083 4101 1258 4167; x_wconf 88' lang='lat' dir='ltr'><strong>adnotandi</strong></span> <span class='ocrx_word' id='word_1_277' title='bbox 1288 4121 1394 4187; x_wconf 88' lang='lat' dir='ltr'><strong>genus</strong></span> 
     </span>
    </p>
   </div>
   <div class='ocr_carea' id='block_1_3' title="bbox 294 4207 1394 4302">
    <p class='ocr_par' dir='ltr' id='par_1_4' title="bbox 294 4207 1394 4302">
     <span class='ocr_line' id='line_1_36' title="bbox 294 4207 1394 4302; baseline -0.005 -22"><span class='ocrx_word' id='word_1_278' title='bbox 294 4237 370 4282; x_wconf 90' lang='lat' dir='ltr'><strong>cum</strong></span> <span class='ocrx_word' id='word_1_279' title='bbox 390 4235 487 4281; x_wconf 92' lang='lat' dir='ltr'><strong>nemo</strong></span> <span class='ocrx_word' id='word_1_280' title='bbox 510 4213 660 4302; x_wconf 87' lang='lat' dir='ltr'><strong>profecto</strong></span> <span class='ocrx_word' id='word_1_281' title='bbox 681 4212 743 4278; x_wconf 91' lang='lat' dir='ltr'><strong>erit</strong></span> <span class='ocrx_word' id='word_1_282' title='bbox 766 4212 822 4297; x_wconf 91' lang='lat' dir='ltr'><strong>qui</strong></span> <span class='ocrx_word' id='word_1_283' title='bbox 845 4233 864 4276; x_wconf 86' lang='lat' dir='ltr'><strong>a</strong></span> <span class='ocrx_word' id='word_1_284' title='bbox 884 4210 1020 4278; x_wconf 87' lang='lat' dir='ltr'><strong>Valerio</strong></span> <span class='ocrx_word' id='word_1_285' title='bbox 1042 4209 1152 4276; x_wconf 90' lang='lat' dir='ltr'><strong>Probo</strong></span> <span class='ocrx_word' id='word_1_286' title='bbox 1179 4207 1394 4276; x_wconf 84' lang='lat' dir='ltr'><strong>exercitatum</strong></span> 
     </span>
    </p>
   </div>
   <div class='ocr_carea' id='block_1_4' title="bbox 0 0 1504 4692">
    <p class='ocr_par' dir='ltr' id='par_1_5' title="bbox 0 0 1504 4692">
     <span class='ocr_line' id='line_1_37' title="bbox 0 0 1504 4692; baseline 0 1"><span class='ocrx_word' id='word_1_287' title='bbox 0 0 1504 4692; x_wconf 95' lang='lat' dir='ltr'><strong> </strong></span> 
     </span>
    </p>
   </div>
  </div>
 </body>
</html>
