2998 4692
816 273 859 338 24

288 470 367 547 erat,
396 461 486 527 bello
517 458 605 546 quod
633 457 793 525 triumviri
822 457 978 524 adversus
1006 458 1145 524 Brutum
1177 467 1210 524 et
1237 459 1397 526 Cassium

288 592 421 658 gessere
444 568 649 657 Philippensi
670 589 782 655 pugna
806 568 964 649 confecto,
995 567 1053 632 sed
1077 589 1189 634 errore
1214 568 1397 634 duodecim

290 705 449 749 annorum
480 690 555 768 post
574 679 747 746 Actiacam
769 678 940 745 Octaviani
972 677 1012 742 de
1034 677 1179 743 Antonio
1204 676 1395 742 victoriam.

289 791 394 858 Maior
433 789 531 854 etism
560 799 745 878 temporum
777 786 978 876 perturbatio
1014 785 1272 872 deprehenditur
1300 809 1335 873 p.
1357 785 1394 849 l:

289 922 384 981 „cum
405 899 469 962 iam
489 899 622 964 summis
648 897 853 986 eloquentiae
873 894 1061 960 doctoribus
1082 903 1224 978 vacaret,
1245 893 1282 958 in
1306 894 1396 960 belli

289 1006 393 1074 civilis
408 1016 557 1092 tempora
571 1005 685 1070 incidit
708 1006 795 1090 quod
811 991 982 1090 Augustus
1006 1003 1179 1068 adversum
1200 1001 1393 1068 Antonium

290 1114 423 1203 gessit.“
454 1111 523 1180 Sed
541 1122 618 1178 tunc
638 1113 773 1200 triginta
784 1122 911 1199 septem
923 1111 987 1177 iarn
1010 1132 1111 1176 annos
1133 1117 1227 1176 natus
1252 1121 1332 1192 eret,
1360 1119 1395 1174 et

289 1245 347 1289 suo
368 1243 501 1311 prorsus
521 1220 627 1286 lubitu
648 1216 908 1299 ὄψιμαθέστατον
929 1218 1016 1283 vitae
1040 1211 1180 1306 scriptor
1199 1217 1394 1304 Vergilium

289 1329 377 1395 facit.
397 1365 435 1378 -
459 1327 589 1394 Deinde
613 1338 722 1393 sutem
746 1326 865 1392 certius
897 1326 995 1392 etiam
1018 1326 1235 1408 demonstrari
1256 1326 1395 1414 poterit,

289 1439 411 1503 librum
433 1458 505 1502 esse
527 1436 684 1501 obscurae
705 1433 853 1520 originis,
875 1432 902 1499 si
923 1435 1024 1498 vitam
1046 1443 1191 1501 nostram
1214 1457 1288 1500 oum
1305 1433 1394 1502 Sue·

290 1545 421 1612 tonians
449 1543 692 1610 contulerimus.
735 1543 805 1611 Diu
826 1542 1031 1610 intellectum
1055 1552 1144 1608 csta
1176 1542 1254 1608 uiris
1282 1542 1393 1608 doctis

291 1653 325 1719 in
348 1654 469 1719 Donati
494 1653 561 1717 vita
584 1650 776 1737 Vergiliana
797 1651 888 1716 illam
911 1673 983 1718 esse
1006 1661 1176 1736 servatam,
1210 1651 1298 1739 quod
1329 1673 1392 1716 no-

290 1763 423 1828 vissime
447 1759 637 1826 Reiffersch.
659 1757 766 1845 (Suet.
779 1784 810 1846 p.
821 1759 898 1843 401)
931 1783 1126 1848 quamquam
1144 1767 1212 1826 noir
1235 1759 1325 1824 omni
1346 1781 1393 1824 ex

256 1904 258 1909 ·
291 1879 384 1959 parte
408 1866 579 1932 coufirmat
589 1868 626 1952 1).
665 1865 840 1936 Suetonius
864 1868 1000 1932 veroin
1021 1868 1096 1934 vitis
1117 1876 1288 1954 poetarum
1311 1889 1392 1933 oon-

292 1976 482 2062 scribendis,
501 1997 563 2060 qua
576 1984 645 2042 erat
663 1975 844 2068 diligentia,
861 1977 1040 2061 omnesqui
1059 1976 1229 2041 decadem
1246 1984 1394 2042 neantes

292 2085 500 2173 scripserant,
523 2085 671 2169 vitasque
688 2084 785 2148 etiam
796 2094 967 2170 poetarum
979 2085 1131 2173 operibus
1143 2085 1280 2150 inlibris
1295 2106 1392 2174 prae·

364 2351 391 2418 1)
413 2349 496 2404 Hisce
514 2351 607 2406 verbis
625 2350 708 2405 Reiff.
728 2351 832 2405 utitur:
862 2369 1029 2420 »quaecum
1048 2352 1088 2406 ita
1107 2352 1170 2418 sint,
1189 2356 1268 2420 patet
1287 2350 1393 2420 opinor

290 2444 378 2498 vitam
407 2443 519 2513 quidem
545 2443 660 2497 Suetoni
682 2461 733 2497 nos
762 2445 865 2498 hebere
898 2444 948 2498 sed
969 2449 1153 2500 retractatam
1179 2445 1256 2498 illam
1285 2443 1393 2499 Donati

291 2555 380 2594 curm«
410 2554 493 2606 quam
519 2538 685 2592 sententiam
715 2539 870 2594 doleo'non
888 2540 976 2594 fusius
1001 2542 1036 2594 ab
1061 2557 1094 2594 ec
1124 2541 1297 2610 explicatam·
1319 2557 1390 2595 esse.

291 2633 433 2688 Dictiones
451 2631 552 2700 multas
567 2631 734 2686 Suetouiano
752 2631 816 2686 usui
835 2632 987 2686 simillimas
1006 2632 1036 2686 in
1053 2634 1104 2688 hac
1122 2633 1180 2688 vita
1198 2633 1288 2688 inesse
1307 2633 1328 2686 Ι.
1341 2633 1390 2690 Fr.

292 2729 446 2784 Gronovius
465 2729 669 2784 animadvertit.
696 2728 789 2800 Atque
808 2746 874 2782 sane
894 2733 971 2784 totus
992 2730 1126 2784 sermonis
1146 2730 1223 2784 color
1240 2747 1392 2800 rerumque

290 2827 319 2878 et
337 2824 435 2880 electio
454 2828 483 2879 et
501 2823 569 2876 ordo
588 2821 751 2876 Suetonium
777 2826 923 2891 tantopere
940 2822 1075 2890 redolent,
1103 2827 1135 2876 ut
1154 2823 1286 2891 quidnam
1304 2823 1392 2878 fuerit

289 2920 392 2974 Donati
406 2919 476 2972 illud
490 2917 663 2972 retractandi
676 2917 805 2984 officium,
823 2917 950 2986 equidem
966 2935 1022 2971 uon
1036 2917 1141 2988 possim
1157 2917 1306 2987 cogitando
1317 2935 1392 2972 esse-

290 3015 345 3084 qui.
364 3015 499 3068 Reculam
511 3031 562 3083 pro
575 3013 674 3082 opibus
690 3012 797 3066 dictum
811 3032 868 3068 non
887 3013 999 3082 quidem
1016 3015 1145 3069 usitatius
1165 3018 1215 3082 est,
1236 3014 1393 3068 sedtsmen

292 3109 337 3176 (ut
355 3111 462 3160 taceam
479 3106 509 3159 in
530 3105 691 3161 Ciceronem
710 3125 819 3176 quoque
837 3126 889 3177 pro
910 3107 979 3162 Soet.
995 3111 1038 3176 51,
1052 3110 1104 3164 110
1122 3109 1281 3165 coniectura
1293 3129 1309 3164 s
1320 3112 1392 3165 mul·

288 3205 326 3258 tis
351 3203 407 3257 ism
428 3203 541 3258 laudata
564 3203 617 3259 hoc
639 3204 805 3258 vocabulum
835 3221 893 3259 esse
917 3205 1035 3258 inlatum
1060 3205 1093 3258 of.
1109 3204 1180 3258 Mus.
1198 3205 1287 3260 Rhen.
1302 3203 1390 3272 XVII,

290 3299 344 3355 315
354 3299 403 3366 sq.)
430 3299 561 3354 Suetonio
578 3299 693 3355 concedi
710 3303 813 3369 potest,
838 3299 1005 3369 praesertim
1034 3317 1096 3354 curn
1113 3300 1226 3354 unicum
1242 3301 1279 3354 sit
1297 3317 1387 3354 exem·

289 3394 368 3468 plum
392 3394 557 3448 elocutionis
584 3411 642 3450 non
665 3397 784 3450 dixerim
817 3397 1002 3466 posteriorem
1031 3397 1080 3452 sed
1107 3397 1249 3466 volgarem
1276 3395 1391 3452 dicendi

289 3505 369 3542 usum
386 3488 547 3544 redolentis.
577 3490 657 3558 Quod
674 3495 768 3546 autem
785 3491 986 3561 Hieronymum
1004 3492 1034 3546 in
1051 3492 1229 3547 Suetonienis
1247 3492 1388 3562 excerptis
1479 3471 1480 3506 ³

289 3599 346 3638 nou
364 3584 445 3652 plane
464 3583 532 3639 dicit
549 3585 711 3640 Reiffersch.
730 3604 792 3640 cum
810 3587 862 3641 hac
880 3587 938 3641 vita
957 3588 1124 3654 consentire,
1143 3587 1211 3640 haec
1226 3586 1389 3655 Hieronymi

289 3676 372 3732 solius
383 3679 464 3748 culpe
473 3685 524 3735 est.
542 3682 607 3736 Vita
616 3682 689 3737 enim
700 3683 769 3737 heec
778 3682 863 3738 habet
874 3686 911 3752 (p.
924 3685 967 3750 63,
979 3683 996 3736 5
1006 3681 1115 3750 Reiff.):
1137 3679 1222 3734 »Ossa
1243 3682 1302 3736 eius
1318 3683 1344 3736 N
1345 3699 1388 3736 ea-

288 3773 375 3842 polim
397 3776 533 3830 trenslsta
552 3781 617 3831 sunt
633 3780 795 3847 tumuloque
812 3779 926 3833 condita
944 3777 991 3847 qui
1013 3779 1056 3830 est
1073 3775 1118 3830 via
1134 3775 1286 3831 Puteolana
1313 3776 1388 3830 intra
1479 3803 1480 3832 ÷

290 3870 412 3939 lapidem
430 3873 606 3929 secundum«
644 3862 830 3944 Hieronymus
849 3879 942 3928 autem
959 3869 1282 3942 (chronic.01.190,2):
1303 3871 1388 3925 »Ossa
1479 3863 1480 3918 1

292 3965 350 4019 eius
368 3965 512 4036 Neapolim
535 3969 673 4023 translata
702 3969 731 4022 in
755 3967 875 4023 secundo
902 3969 937 4022 ab
961 3967 1031 4020 urbe
1049 3965 1169 4020 miliario
1187 3965 1382 4035 sepeliuntur«
1479 3997 1480 4026 r

291 4062 418 4132 Apparet
435 4063 633 4132 Hieronymum
658 4062 850 4135 neglegentius
879 4063 1005 4119 »urbem«
1026 4061 1131 4118 dixisse
1150 4061 1305 4132 Neapolim,
1330 4077 1385 4115 non

290 4164 423 4227 quaeest
442 4159 554 4230 proprie
575 4161 650 4230 urbs,
666 4161 792 4216 Romam.
