2998 4692
651 349 667 412 7

113 533 351 618 intellegamus.
394 530 583 597 Notandum
606 541 664 616 est,
687 554 796 598 rernm
818 557 838 598 a
862 533 1074 619 scriptor-ibus
1094 543 1209 598 tracta-

116 645 218 707 tarum
237 645 361 710 nullam
381 644 481 709 Probi
505 643 757 732 explicationem
778 643 865 730 apud
888 641 1034 708 Gellium
1052 641 1208 723 inveniri3
1232 676 1247 701 c

115 748 173 814 sed
198 775 271 817 cnm
294 752 425 817 omnino
447 773 514 817 non
536 753 684 838 plurimis
703 753 784 818 locis
806 753 846 817 ab
867 772 905 816 eo
926 750 1081 816 afferatur
1104 758 1137 815 et
1152 749 1210 814 ifle

113 857 213 922 rebus
235 859 436 946 explicandis
457 857 528 945 ipso
551 860 658 924 minus
680 861 821 926 intentus
845 858 954 944 fuerit,
975 857 1209 924 iudeuoudum

114 968 266 1033 concludi
290 977 398 1056 potest
424 967 502 1032 talia
530 991 549 1032 a
573 968 682 1034 Probo
708 968 860 1054 neglecta
883 989 965 1033 esse.
1007 965 1077 1032 Sed
1107 968 1209 1032 multo

115 1074 235 1138 certius
256 1075 318 1140 hoc
340 1075 396 1139 fiet
419 1073 631 1140 consideratis
645 1075 692 1140 eis
713 1097 794 1160 quae
813 1075 947 1144 Servius
967 1074 1139 1162 permultis
1161 1073 1208 1137 lo-

114 1181 162 1245 cis
185 1192 218 1246 et
240 1183 362 1249 scholia
382 1183 588 1248 Veronensis
609 1183 740 1250 eProbi
760 1182 996 1248 commentariis
1008 1181 1209 1268 Vergilianis

112 1289 255 1355 afferunt
264 1293 300 1374 ¹).
322 1291 424 1379 Apud
435 1291 495 1355 hos
507 1291 594 1356 enim
606 1291 734 1356 circiter
746 1293 880 1378 triginta
899 1313 960 1358 sax
979 1291 1044 1356 loci
1055 1290 1209 1358 Probiani

110 1399 232 1463 servati
252 1399 367 1482 sunt2)
393 1399 545 1483 (quorum
567 1421 651 1464 unus
677 1398 717 1464 ad
739 1399 825 1465 Aen.
838 1400 956 1466 [1173
978 1399 1065 1486 apud
1084 1408 1208 1466 utrum·

112 1526 176 1589 que
198 1507 333 1592 legitur)
356 1507 411 1593 qui
432 1507 551 1594 partim
573 1506 615 1571 de
637 1507 862 1574 emendatione
891 1507 943 1591 (in
972 1528 1035 1591 qua
1059 1506 1208 1574 licentius

111 1633 189 1677 eum
225 1623 389 1678 versatum
428 1614 618 1698 Wagnerus
657 1613 890 1680 demonstravit
925 1615 1088 1702 Philolog.
1124 1615 1209 1682 XVI

110 1743 145 1807 p.
169 1720 229 1785 541
249 1718 310 1806 sq.)
335 1721 541 1788 distinctione
563 1722 795 1810 orthographia
815 1732 927 1810 agunt,
954 1723 1073 1810 partim
1094 1727 1208 1790 verbo·

111 1851 185 1894 rum
215 1851 311 1894 usum
340 1838 373 1896 et
402 1831 674 1916 significationem
701 1830 868 1918 indagant,
901 1831 956 1898 alii
988 1833 1136 1900 criticum
1167 1831 1208 1898 de

112 1938 317 2024 quorundam
336 1940 483 2004 locorum
504 1939 746 2025 pulchritudine
756 1939 913 2006 iudicium
925 1950 1091 2026 exercent,
1113 1963 1207 2029 quae-

111 2045 232 2112 stiones
255 2047 352 2112 etiam
373 2055 507 2113 movent
519 2047 559 2112 de
574 2048 710 2114 obscura
721 2049 954 2115 sententiarum
968 2053 1208 2138 verborumque

114 2152 352 2239 significatione
366 2155 410 2239 ³);
440 2156 549 2220 nullus
569 2165 678 2222 autem
698 2157 734 2222 in
752 2159 851 2223 rebus
873 2180 951 2242 quas
974 2167 1207 2246 poetatractat

112 2263 304 2328 enarrandis
338 2272 495 2331 versatur.
546 2264 691 2332 Omnino
717 2267 772 2333 hio
805 2289 933 2354 quoque
965 2266 1097 2334 casdem
1129 2291 1207 2354 quas

1239 1787 1269 1859 s

182 2507 210 2574 1)
229 2506 415 2576 Conspectum
440 2525 535 2563 eorum
559 2509 674 2565 exhibet
699 2509 833 2580 Soringar
855 2509 953 2564 histor.
976 2507 1040 2564 crit.
1066 2506 1207 2563 scholiast.

110 2599 173 2654 Lat.
183 2597 218 2666 Π,
231 2599 265 2654 17
281 2616 341 2668 sqq.
378 2601 511 2658 Serviane
529 2603 613 2657 etiam
631 2603 706 2673 apud
713 2603 953 2673 Wollanbergium
963 2604 998 2658 de
1009 2605 1102 2662 Probo
1123 2606 1206 2675 Verg.

111 2695 179 2750 edit.
189 2714 217 2765 p.
228 2699 244 2752 5
255 2713 313 2765 sqq.
331 2698 515 2767 reperiuntur.

183 2794 209 2860 2)
229 2791 384 2846 Nonnullos
410 2793 486 2848 locos
506 2791 630 2847 Osannus
652 2793 738 2848 Beitr.
756 2811 805 2848 zur
823 2792 1015 2848 Litt.·Gesch.
1035 2793 1070 2858 11,
1083 2795 1136 2848 utu
1146 2809 1207 2861 sqq.

110 2887 147 2940 ad
166 2886 303 2940 iuniorem
317 2885 441 2940 Probum
458 2886 651 2957 artigraphum
668 2887 717 2956 qui
727 2892 827 2956 quarto
846 2906 873 2958 p.
884 2887 932 2942 ch.
951 2886 1060 2941 saeculo
1078 2885 1148 2940 vixit
1166 2902 1207 2939 re·

65 2961 70 2969 ι
109 2979 239 3034 ferendos
270 2986 375 3048 censet,
402 2982 476 3035 inter
501 3001 569 3052 quos
596 2983 632 3038 ed
659 2983 759 3052 Georg.
777 2979 798 3051 I,
809 2984 871 3037 277.
893 2981 1115 3050 Aen.1‚1.194.
1139 2998 1207 3051 quos

109 3075 258 3130 Lerschius
276 3078 305 3129 in
324 3075 419 3128 diariis
437 3077 564 3146 antiquit.
584 3079 702 3134 litterar.
721 3081 792 3136 1840
801 3098 828 3150 p.
842 3079 889 3134 111
907 3095 947 3148 sq.
983 3077 1076 3131 Probo
1094 3076 1207 3144 Berytio

109 3168 298 3223 restituendos
318 3186 377 3226 esse
400 3175 476 3226 recte
502 3172 712 3230 demonstravit.
750 3176 805 3230 Sed
825 3178 920 3244 potest
942 3190 1002 3228 asse
1025 3175 1057 3227 ut
1075 3169 1152 3226 Serv.
1171 3171 1208 3225 ad

110 3263 270 3331 Aen.11,15
291 3265 398 3318 »Instar
416 3282 518 3321 nornen
537 3271 580 3322 est
595 3269 801 3338 indeclinabile,
823 3270 890 3325 licet
909 3269 1016 3323 Probus
1034 3266 1146 3320 instaris
1161 3264 1207 3319 de-

110 3357 257 3412 clinaverit
276 3362 309 3413 ut
333 3361 469 3415 nectaris«
490 3363 572 3418 etad
594 3363 663 3418 Aen.
675 3363 721 3430 Vl,
732 3363 785 3417 866
815 3359 876 3414 »Ad
898 3361 988 3414 instar
1010 3376 1068 3415 non
1090 3360 1208 3416 dicimus

111 3453 188 3522 quod
207 3453 315 3508 Probus
334 3454 469 3509 declinat«
491 3457 718 3525 (declaramus,
739 3474 791 3510 cm.
812 3455 964 3526 Stringar.)
986 3472 1021 3509 ex
1045 3455 1207 3528 artigrapho

110 3547 202 3618 petita
221 3549 278 3603 sint
297 3549 332 3603 cf.
344 3549 449 3604 Cathol.
468 3569 495 3621 p.
507 3553 577 3608 1458
593 3552 705 3606 Putsch.
723 3569 774 3608 nec
792 3567 847 3606 non
866 3551 902 3604 ad
920 3550 998 3604 illum
1017 3569 1079 3606 cum
1098 3550 1206 3605 Osanna

111 3658 165 3713 ego
184 3643 258 3698 huno
276 3644 368 3698 locum
389 3645 532 3700 retulerim
549 3646 585 3700 ad
602 3646 671 3702 Aen.
687 3647 746 3715 VII,
761 3648 827 3702 421:
857 3646 980 3700 »Probus
998 3646 1032 3702 de
1049 3649 1207 3715 temporum

111 3742 284 3797 connexione
298 3740 422 3796 libellum
440 3742 595 3812 composuit
605 3742 634 3796 in
653 3759 707 3812 quo
723 3744 806 3798 docet
823 3741 891 3810 quid
905 3740 950 3796 cui
961 3742 1062 3796 debeat
1078 3757 1206 3796 accomo-

109 3838 181 3906 dari,
199 3855 297 3907 exque
311 3838 497 3908 intellegimus
511 3839 583 3894 hanc
600 3838 763 3908 quemfecit
775 3839 889 3894 arduam
902 3855 963 3892 esse
981 3837 1206 3892 connexionem«.

182 3935 212 4002 3)
231 3933 314 3990 Falso
328 3935 566 4006 Wollenbergium
579 3954 604 4005 p.
615 3940 631 3992 9
644 3936 779 4006 suspicari
797 3941 874 4004 puto,
893 3935 1015 3992 Probum
1033 3951 1094 3990 csse
1112 3935 1206 3990 inven-

108 4034 202 4084 torem
222 4030 369 4086 duodecim
386 4032 512 4086 locorum
529 4031 717 4086 insolubilium
736 4047 805 4100 quos
823 4030 936 4086 Servius
954 4030 990 4085 ad
1007 4030 1076 4084 Asu.
1086 4029 1133 4096 IX,
1143 4031 1205 4086 363.

108 4125 171 4194 XII,
185 4129 220 4182 72
247 4133 452 4184 commemorat.
489 4129 570 4183 Tales
594 4145 685 4198 nugae
709 4127 892 4184 scholasticae
918 4127 1022 4184 abillo
1051 4126 1158 4182 alienae
1176 4131 1207 4181 et

108 4221 266 4292 posteriore
285 4222 395 4278 demum
414 4227 507 4277 aetate
525 4223 651 4280 excultae
672 4239 732 4278 esse
749 4221 890 4278 videntur.
1131 4233 1211 4298 ...igitr
