2998 4692
650 351 690 417 21

108 545 206 604 tator
239 535 346 602 hausit
381 535 550 601 obscurius
585 535 747 600 saeculum
779 537 843 602 iam
877 529 1071 624 ostendunt3
1112 539 1214 605 multo

108 645 266 732 pluribus
287 653 395 709 autem
416 644 517 727 (inter
539 666 620 730 quos
643 654 718 710 sunt
735 647 789 730 qui
802 647 1027 734 interpolatori
1043 646 1131 712 haud
1144 669 1216 734 pos-

109 763 194 818 sunt
223 751 379 837 adscribi)
409 752 516 840 ipsum
547 774 600 816 res
628 751 729 817 Probi
759 763 864 820 aetate
896 777 1029 842 prorsus
1061 755 1216 842 indignas

8 879 9 882 ’
110 871 304 930 narrantem
326 857 618 948 deprehendemus.
662 863 809 929 Primum
834 865 924 929 locos
953 887 1144 954 componam
1174 885 1214 930 ex

3 4239 5 4282 l

3 4293 5 4328 l

112 971 234 1058 quibus
258 971 467 1057 cognoscitur
488 969 522 1035 in
543 972 747 1060 geographia
768 973 953 1061 imperitum
972 975 1114 1039 tironem
1139 995 1216 1040 eum

112 1081 229 1146 fuisse.
273 1079 456 1167 Georgll,
478 1079 557 1144 146:
584 1079 790 1164 „Clitumnus
812 1092 862 1147 est
882 1073 1033 1148 Etruriae
1054 1084 1171 1149 fluvius
1196 1109 1214 1150 a

111 1187 207 1256 fonte
236 1189 451 1277 navigabilis“
488 1189 616 1274 (ultima
647 1211 689 1256 ex
717 1191 826 1257 Plinio
857 1181 1007 1257 fortasse
1025 1192 1125 1257 habet
1157 1191 1215 1276 qui

111 1297 201 1386 Epp'.
222 1295 321 1380 VIII,
342 1299 363 1362 8
401 1293 546 1384 paullum
577 1306 613 1362 ut
639 1306 810 1386 putorem
839 1319 1057 1385 exaggerem,
1084 1289 1125 1364 de
1147 1299 1215 1368 Cli·

110 1416 227 1472 tumno
248 1405 344 1472 dicit:
367 1407 460 1490 „fons
482 1406 588 1472 adhuc
608 1416 642 1474 et
659 1408 722 1472 iam
737 1408 970 1496 amplissimum
982 1409 1214 1494 flumenatque

109 1517 211 1583 etiam
243 1517 374 1581 navium
404 1509 577 1603 patiens“).
623 1517 669 1584 At
694 1517 877 1585 Clitumnus
905 1517 941 1583 in
964 1505 1100 1582 Vmbria
1127 1518 1209 1583 fluit.

115 1619 371 1711 Georg.11‚38:
394 1626 584 1710 „Taburnus
607 1615 699 1692 mons
723 1637 772 1692 cst
795 1617 958 1716 Appuliae
973 1626 1117 1712 regionis
1131 1648 1213 1714 quae

110 1728 232 1800 fertilis
262 1741 310 1798 est
340 1733 460 1798 oleae.“
510 1733 667 1799 Huncin
692 1734 884 1803 Samnitium
906 1724 1213 1823 Campanorumque

110 1839 230 1908 finibus
248 1863 351 1928 prope
363 1835 507 1932 Capuam
519 1842 702 1926 situmlesse
718 1844 902 1930 accipimus.
926 1841 1051 1930 Georg.
1061 1844 1127 1926 HI,
1135 1841 1214 1911 255:

112 1949 266 2034 „Sabelli
289 1971 372 2036 gens
388 1959 437 2014 est
451 1943 578 2032 Italiae,
599 1951 772 2016 coniuncta
784 1952 875 2035 mari,
896 1951 952 2017 ubi
966 1951 1106 2016 maxima
1121 1950 1215 2037 copia

113 2081 270 2148 aprorum
293 2059 372 2124 est.“
416 2059 560 2124 Vbinam
582 2059 706 2128 Sabelli
729 2082 818 2125 mare
831 2053 1070 2145 attingebant?
1085 2060 1212 2142 Quibus

115 2167 200 2233 loeis
226 2165 438 2233 consideratis
461 2191 480 2231 a
503 2169 691 2254 suspicione
711 2167 769 2232 vix
789 2167 942 2250 retineor,
969 2175 1062 2232 extra
1085 2167 1214 2234 Italiam

114 2273 204 2342 hunc
245 2273 514 2342 commentarium
551 2299 622 2342 esse
663 2277 894 2365 conscriptum.
951 2276 1069 2362 Neque
1105 2285 1214 2342 tamen

115 2383 282 2454 Graeciae
306 2381 516 2470 Orientisque
544 2396 649 2451 terras
680 2379 861 2451 accuratius
891 2386 993 2468 novit,
1022 2387 1064 2450 cf.
1088 2385 1213 2472 Georg.

113 2494 183 2577 ΠΙ,
209 2493 267 2558 19:
303 2494 388 2579 „Eos
417 2495 579 2581 significat
611 2495 707 2560 ludos
737 2494 792 2580 qui
816 2531 859 2544 -·
881 2494 1087 2560 celebrantur
1114 2530 1158 2542 ·-
1178 2493 1212 2559 in

113 2601 258 2669 Arcadia
288 2613 320 2668 et
351 2603 502 2670 dicuntur
521 2604 664 2678 Numea“
698 2625 777 2689 quos
800 2603 826 2668 si
849 2601 1005 2690 Argolidi
1032 2603 1211 2688 tribuisset,

111 2721 204 2778 recte
228 2713 377 2794 facisset;
412 2712 509 2778 ibid:
533 2712 703 2801 „Alpheos
734 2711 820 2778 enim
846 2713 969 2779 flumen
992 2719 1041 2777 est
1063 2711 1210 2777 Achaiae

109 2822 205 2887 iuxta
227 2841 324 2907 quem
345 2821 415 2888 Elis
438 2819 604 2908 oppidum,
627 2830 720 2887 extra
743 2821 831 2906 quod
849 2818 938 2887 Iovis
960 2818 1110 2906 Olympii
1129 2829 1211 2884 tem·

109 2929 234 3016 plum.“
277 2929 445 3016 Ignoravit
477 2929 610 2996 Elidem
644 2930 800 3018 oppidum
833 2922 940 3015 neque
970 2929 1012 2993 ad
1042 2928 1211 3014 Alpheum

110 3037 221 3122 situm,
253 3059 361 3126 neque
393 3036 551 3126 Olympia
582 3039 627 3105 ibi
656 3039 819 3104 celebrata
841 3059 923 3103 esse.
966 3036 1078 3123 Atque
1103 3046 1212 3102 tamma

108 3147 147 3212 in
169 3147 228 3212 bac
250 3147 458 3213 adnotatione
471 3145 665 3214 Callimachi
688 3144 811 3211 Αἰτίων
832 3147 955 3211 mentio
976 3146 1082 3232 magis
1096 3166 1209 3209 recon-

111 3255 214 3320 ditam
237 3256 411 3322 ostendere
426 3256 558 3322 videtur
575 3255 771 3337 doctrinam3
794 3254 1006 3342 neglegentia
1023 3263 1212 3338 cutemque

109 3363 242 3452 Elidem
265 3362 421 3453 oppidum
452 3385 524 3430 oum
546 3365 683 3451 regione
708 3357 854 3428 eiusdem
881 3361 1022 3428 nominis
1053 3371 1086 3426 et
1107 3361 1211 3427 Arca·

110 3473 200 3538 diam
222 3495 294 3538 cum
318 3473 482 3559 Argolide
504 3473 659 3556 confudit,
682 3473 759 3538 satis
783 3471 893 3557 prodit
917 3491 991 3535 eum
1013 3493 1080 3536 non
1101 3470 1210 3556 ipsum

110 3580 350 3649 Callimachum
372 3580 556 3668 inspexisse
579 3583 672 3664 (sane
692 3582 780 3648 enim
801 3581 829 3646 si
851 3590 917 3646 tam
939 3588 1082 3645 remotos
1101 3577 1208 3643 fontes

108 3691 182 3775 ipse
197 3688 336 3754 'adiisset
360 3687 546 3755 'accuratius
569 3690 631 3754 hoc
652 3690 798 3754 facturus
820 3688 959 3772 fuisset),
987 3687 1046 3752 sed
1071 3686 1210 3752 incurio·
1279 3674 1282 3678 ⁵

111 3795 180 3862 sius
204 3805 357 3882 agentem
382 3818 400 3861 e
427 3796 519 3862 libris
543 3818 624 3881 quos
651 3795 692 3860 ad
720 3817 833 3860 manus
861 3794 1003 3860 habebat
1025 3793 1088 3860 hoc
1113 3793 1211 3860 Calli·

113 3903 288 3970 maoheum
310 3904 533 3991 exscripsisse.
574 3903 644 3968 Iam
666 3903 770 3988 igitur
792 3902 943 3988 exemplo
966 3923 1145 3982 monemur,
1168 3921 1210 3966 nc

3 4069 4 4076 ,
110 4036 154 4080 ex
183 4013 264 4079 locis
291 4015 535 4080 reconditorum
563 4011 723 4080 librorum
749 4010 904 4077 adhibitis
929 4012 1003 4098 plus
1026 4010 1111 4076 iusto
1134 4033 1208 4074 oon·

3 4181 4 4190 ,
111 4123 291 4189 cludamus.
334 4122 386 4189 Ne
412 4122 596 4211 Taygetam
627 4121 769 4208 quidem,
799 4131 836 4188 ut
862 4120 904 4186 ad
926 4117 1134 4208 'propostam
1158 4140 1208 4184 re·

109 4231 398 4316 concameratam
418 4242 555 4300 noverat
576 4253 673 4320 quem
697 4229 880 4298 Laconicae
905 4228 1041 4297 fluvium
1068 4249 1140 4296 esse
1167 4247 1210 4298 ex
