2998 4692
837 423 859 488 4

301 631 335 674 se
357 608 472 674 tectis“
495 627 564 694 sqq.
587 607 644 673 ubi
666 607 829 694 exipsius
850 607 952 672 Probi
971 607 1202 672 commentario
1225 608 1317 673 locus
1341 608 1400 692 ad·

300 717 473 782 notationis
485 717 617 781 nomine
630 715 810 804 profertum
833 715 875 781 ad
886 717 973 782 Aen.
984 717 1029 801 X,
1040 716 1118 781 207:
1142 715 1401 799 ,Adnotandum

301 847 381 891 vero
406 825 493 910 quod
513 847 581 890 non
602 823 681 892 dicit
702 824 791 890 unde
813 826 855 890 sit
876 825 930 891 hic
943 826 1097 891 Aulestes
1115 845 1176 890 nec
1192 846 1273 910 quae
1289 847 1401 890 secum

302 917 398 998 ducat
429 932 586 1014 auxilia;“
624 931 665 997 ad
695 932 781 999 Aen.
809 932 853 1017 V,
878 931 951 998 488.
982 933 1045 1017 IX,
1073 933 1145 998 402.
1174 935 1218 1018 X,
1249 931 1298 999 63.
1326 931 1400 998 564.

301 1040 373 1108 Ecl.
406 1043 443 1124 3,
478 1041 528 1107 30.
579 1041 632 1107 Ex
663 1041 763 1106 Probi
797 1041 852 1125 qui
886 1041 1004 1106 dicitur
1037 1041 1265 1106 commentario
1297 1065 1400 1107 unum

302 1150 437 1215 afferam
456 1151 564 1216 locum
587 1151 627 1216 ad
648 1150 720 1218 Ecl.
742 1152 773 1235 6,
793 1150 833 1215 31
854 1172 887 1237 p.
913 1149 963 1235 15,
985 1149 1027 1215 24
1049 1149 1100 1216 ed.
1123 1150 1231 1216 Keil:
1267 1149 1400 1234 ,Aemi-

302 1257 366 1324 lius
394 1260 505 1346 Asper
538 1281 611 1324 oum
642 1260 729 1325 hunc
763 1259 873 1326 locum
905 1259 1076 1325 adnotaret
1106 1259 1152 1326 sio
1185 1259 1260 1325 ait.“
1305 1258 1402 1327 Servi

304 1367 505 1456 aliorumque
527 1369 774 1434 innumerabilia
796 1369 947 1459 exempla
967 1392 1034 1435 non
1057 1392 1138 1456 opus
1156 1377 1206 1434 est
1222 1368 1401 1434 adstruere.

303 1477 564 1544 Frontonianum
586 1477 666 1543 illud
692 1478 789 1566 (Epp.
812 1477 852 1542 ad
875 1479 968 1545 amic.
993 1479 1039 1564 ΙΙ,
1061 1478 1115 1564 2):
1150 1475 1402 1563 ,Ciceronianos

306 1585 492 1669 emendatos
514 1595 547 1650 et
569 1586 735 1652 distinctos
757 1587 893 1652 habebis
914 1587 1085 1652 adnotatos
1106 1611 1125 1652 a
1148 1585 1220 1650 me“
1245 1585 1280 1650 in
1301 1596 1402 1652 certa·

306 1713 382 1757 men
407 1716 474 1758 non
501 1695 652 1778 vocarim,
684 1697 813 1760 cumin
832 1702 1002 1780 utramque
1029 1703 1154 1781 partem
1183 1694 1300 1760 eodem
1331 1694 1403 1760 iure

305 1800 388 1864 trabi
412 1801 523 1889 possit.

390 1909 491 1976 Recte
528 1909 629 1997 igitur
669 1911 710 1978 Ο.
744 1912 876 1980 Iahnius
917 1913 952 1977 in
984 1911 1141 2000 Prolegg.
1175 1914 1216 1979 ad
1253 1913 1404 1979 Persium

307 2041 339 2105 p.
355 2017 515 2085 CLXXX
539 2018 762 2086 adnotationes
785 2022 1070 2109 grammaticorum
1090 2024 1283 2110 plerumque
1306 2021 1405 2087 inter-

308 2127 504 2214 pretationes
528 2150 599 2196 esse
622 2129 797 2196 contendit.
834 2129 904 2198 Sed
927 2131 1024 2196 etiam
1041 2131 1081 2196 de
1103 2130 1187 2196 notis
1209 2130 1328 2196 criticis
1348 2152 1405 2216 ap-

307 2235 421 2322 positis
457 2239 595 2304 verbum
629 2240 784 2305 adnotare
817 2239 852 2305 in
883 2263 944 2305 usu
977 2240 1077 2305 fuisse
1117 2261 1215 2327 supra
1253 2238 1404 2305 vidimus.

312 2341 395 2409 Cum
417 2347 638 2413 veroProbus
654 2349 689 2415 in
702 2358 840 2433 utraque
854 2370 890 2415 re
906 2369 1038 2436 operam
1053 2348 1198 2436 posuerit
1209 2347 1248 2434 ¹),
1271 2347 1409 2416 Suetoni

312 2503 510 2514 ’,μω-ψ...-

381 2593 408 2660 1)
427 2591 516 2647 Miror
539 2594 614 2663 quod
633 2593 857 2664 Wollenbergius
881 2595 937 2648 »De
956 2593 1050 2648 Probo
1068 2590 1293 2661 Vergilianorum
1312 2586 1410 2642 carmi-
1473 2603 1474 2608 ¹

309 2703 376 2740 num
395 2685 606 2745 editore1857«
628 2705 702 2744 nunc
719 2707 828 2759 quoque
846 2692 994 2758 postquam
1011 2685 1177 2742 anecdotum
1196 2685 1266 2739 illud
1283 2684 1338 2736 iam
1357 2681 1406 2736 diu

310 2781 439 2850 innotuit,
458 2784 580 2840 Probum
598 2785 674 2840 illum
694 2787 742 2856 qui
761 2787 915 2856 Vergilium
934 2784 1074 2840 enarravit
1093 2801 1110 2838 a
1126 2786 1255 2838 notarum
1271 2797 1324 2834 usn
1342 2777 1411 2831 alie-

311 2893 378 2930 num
394 2876 479 2932 fuisse
498 2879 650 2934 contendit.
681 2881 758 2936 Duos
777 2881 850 2934 enim
868 2880 994 2935 Valerios
1012 2879 1119 2933 Probos
1137 2875 1222 2930 luisse
1244 2875 1320 2942 dicit,
1339 2873 1410 2927 alte-

312 2989 374 3025 rum
400 2973 450 3026 sub
468 2972 579 3028 Nerone
598 2971 645 3040 qui
667 2971 799 3028 Suetonio
817 2977 890 3027 teste
910 2971 1060 3041 scriptores
1079 2968 1256 3025 adnotaverit
1277 2966 1409 3034 cuiusque

312 3069 392 3118 notas
408 3082 443 3119 cx
462 3065 599 3120 anecdoto
618 3069 773 3134 compertas
793 3065 951 3134 habeamus,
970 3063 1089 3118 alterum
1097 3062 1233 3118 Hadriani
1251 3066 1344 3116 aetate
1362 3062 1411 3130 qui

313 3160 527 3216 commentarios
552 3162 704 3234 scripserit,
732 3180 746 3217 e
766 3162 855 3218 Gellio
874 3161 970 3216 Servio
988 3161 1099 3218 Donato
1117 3162 1199 3216 nobis
1216 3163 1321 3214 notum.
1358 3157 1411 3212 Ve-

313 3272 376 3308 rum
394 3258 426 3308 ut
444 3259 559 3324 taceam,
586 3256 634 3310 illa
652 3273 722 3324 quae
741 3255 815 3326 apud
834 3256 953 3312 Gellium
982 3257 1113 3326 leguntur
1132 3255 1202 3310 mire
1222 3255 1358 3324 quadrare
1380 3252 1411 3331 in

313 3347 435 3402 Probum
454 3349 652 3405 Suetonianum
676 3351 802 3419 (uterque
822 3349 895 3403 enim
912 3349 1027 3403 minutis
1046 3349 1262 3418 quaestiunculis
1284 3350 1313 3404 in
1330 3352 1409 3404 vetu-

315 3444 366 3498 stis
389 3445 508 3498 maxime
521 3445 716 3515 scriptoribus
742 3444 895 3499 tractandis
914 3443 1039 3499 intentus
1064 3448 1131 3512 erat,
1150 3462 1238 3514 neque
1260 3443 1411 3514 discipulos

315 3542 366 3597 sed
384 3547 538 3599 sectatores
557 3544 662 3612 aliquot
676 3543 816 3612 habebat),
840 3544 922 3613 plane
946 3546 1041 3597 tamen
1057 3539 1279 3610 Wollenbergius
1303 3539 1411 3595 duobus

316 3637 395 3693 Servi
407 3641 475 3696 locis
494 3641 641 3710 refutatur,
657 3658 725 3710 quos
742 3641 859 3695 nimium
870 3645 1005 3710 quantum
1020 3640 1187 3709 detorquere
1206 3642 1338 3708 temptat3
1356 3637 1413 3707 pri·

315 3750 391 3786 mum
410 3733 446 3788 ad
463 3733 672 3804 Aen.1,‘21.2a.
693 3753 775 3805 quem
793 3754 843 3790 ms.
860 3736 1031 3791 Cassellanus
1048 3734 1090 3788 ita
1107 3734 1234 3788 exhibet:
1262 3733 1310 3786 »ln
1328 3733 1413 3788 Probi

317 3827 453 3896 adpuncti
477 3833 549 3884 sunt.
586 3829 625 3884 Et
648 3830 846 3897 adnotandum,
875 3830 904 3882 bi
922 3830 977 3885 duo
1003 3828 1026 3882 si
1042 3828 1207 3896 eximantur,
1235 3826 1412 3881 nihilominus

319 3940 415 3978 tensus
434 3925 488 3979 crit
505 3926 640 3996 integer«.
669 3926 814 3996 Adpuncti
824 3926 842 3980 i.
856 3943 878 3979 e.
891 3928 958 3979 nota
975 3921 1105 3978 instructi
1123 3922 1158 3975 de
1177 3939 1231 3990 qua
1249 3926 1277 3976 et
1296 3920 1412 3976 anecdo-

319 4022 379 4073 tum
398 4024 427 4073 et
445 4019 545 4074 Isidor.
564 4019 659 4090 Origg.
670 4021 692 4088 I,
703 4022 749 4074 20:
771 4029 817 4070 ›-'-
837 4018 940 4074 Obelus
958 4034 1021 4072 oum
1037 4019 1142 4085 puncto
1161 4013 1276 4082 (Obelus
1295 4032 1413 4085 superne

321 4114 476 4184 adpunctus
497 4116 607 4185 Isidor.)
633 4118 669 4171 ad
688 4133 720 4170 ea
745 4115 779 4170 de
800 4115 899 4184 quibus
921 4113 1065 4168 dubitatur
1082 4112 1145 4166 tolli
1163 4111 1283 4167 debeant
1301 4126 1413 4165 necne«.

320 4209 409 4278 Quam
426 4212 575 4268 lectionem
593 4209 817 4280 Wollenbergius
835 4209 888 4264 hac
906 4208 941 4263 de
961 4223 1045 4263 causa
1061 4207 1210 4277 improbat,
1226 4205 1290 4274 quia
1307 4221 1364 4258 non
1382 4207 1414 4258 ut

320 4307 355 4361 dc
372 4309 432 4364 aliis
450 4307 589 4363 nonnullis
602 4307 677 4362 notis
695 4308 791 4376 aperto
804 4303 911 4360 dictum
926 4303 971 4374 rit,
991 4303 1113 4360 Probum
1133 4319 1166 4358 ea
1184 4318 1263 4357 usum
1280 4316 1350 4368 esse,
1366 4299 1414 4355 ob·
