2998 4692
635 355 674 422 17

97 549 175 609 esse
198 539 382 624 contendat,
404 560 504 604 unum
526 540 678 605 relictum
700 546 749 606 est
763 539 809 605 eis
833 538 887 623 qui
910 559 984 603 eum
1005 538 1080 605 libri
1093 547 1200 604 aucto·

97 673 173 716 rem
203 658 327 737 putant,
357 659 394 712 ut
426 649 562 714 alteram
588 649 832 714 adnotationem
864 647 967 735 ipsius
993 646 1092 713 Probi
1117 667 1199 732 esse,

96 760 238 824 alteram
261 759 300 822 ab
323 767 518 845 excerptore
546 758 602 822 vel
630 757 864 844 interpolatore
896 755 1115 840 undecunque
1144 754 1200 818 ad·

99 867 204 934 ditem
227 865 423 932 existiment.
468 863 537 931 Sed
563 887 634 930 cam
657 865 789 953 quidem
813 885 894 950 quae
916 863 1098 952 posteriore
1127 863 1199 927 loco

99 973 209 1061 posita
235 981 285 1036 est
311 971 482 1056 quominus
506 973 703 1037 Probianam
724 980 838 1059 putare
861 972 987 1057 possint
1006 970 1115 1036 verbis
1146 969 1200 1053 „in

99 1080 166 1146 alio
196 1079 263 1144 sio“
295 1079 497 1167 prohibetur,
526 1100 608 1164 quae
636 1078 707 1167 ipsa
736 1079 960 1144 demonstrant
990 1101 1056 1144 non
1089 1097 1131 1142 ex
1161 1099 1199 1142 eo

98 1187 186 1252 libro
210 1208 273 1272 quo
296 1187 330 1252 in
352 1186 500 1274 plurimis
524 1195 700 1274 excerptor
717 1187 877 1271 utebatur,
897 1187 978 1252 haec
992 1188 1105 1253 hausta
1118 1207 1199 1250 esse.

99 1295 218 1382 Itaque
239 1295 267 1358 si
289 1293 373 1360 forte
396 1295 467 1380 quis
489 1295 571 1360 haec
600 1295 717 1379 quibus
749 1295 808 1378 „ab
831 1294 913 1360 ali0“
937 1295 1128 1382 inscriptum
1152 1305 1201 1362 est

100 1404 213 1468 Probo
236 1402 404 1468 vindicare
425 1403 517 1487 velit,
539 1403 666 1468 nullum
690 1411 799 1469 tamen
821 1424 863 1467 ex
877 1423 963 1467 0010
978 1404 1077 1468 totius
1092 1405 1200 1492 operis

99 1511 309 1598 inscriptioni
329 1510 471 1576 fulcrum
491 1511 628 1595 adferet,
649 1533 692 1575 011
713 1511 874 1576 contrario
892 1511 996 1596 magis
1016 1511 1112 1576 etiam
1129 1533 1200 1576 eam

103 1619 298 1686 debilitabit.
332 1619 404 1686 Iam
426 1619 529 1704 igitur
550 1628 675 1684 certum
695 1628 746 1684 001
766 1620 889 1684 nullam
911 1640 982 1684 0000
1001 1642 1128 1686 oausam
1145 1643 1201 1686 cur

101 1729 200 1794 huius
223 1727 337 1815 capitis
358 1748 430 1793 eam
450 1736 576 1816 partem
596 1749 678 1812 quae
700 1711 869 1793 doctrinae
885 1728 1042 1794 maiorem
1057 1730 1200 1817 speciem

101 1838 203 1905 hebet
224 1837 332 1902 Probo
352 1837 538 1902 tribuamus.
582 1835 650 1904 Sed
672 1836 817 1923 priorem
846 1858 974 1921 quoqne
995 1845 1122 1924 partem
1145 1839 1200 1923 qni

103 1945 243 2034 scripsit,
268 1967 342 2010 01111
364 1967 477 2009 veram
488 1944 620 2030 Vergili
640 1944 833 2010 sententiam
855 1968 921 2012 non
945 1945 1201 2012 intellexerit-

104 2054 132 2120 is
159 2052 246 2118 enim
269 2076 336 2120 non
357 2062 521 2118 errantem
541 2052 666 2118 inducit
688 2053 846 2118 rusticum
867 2053 925 2118 sed
947 2055 1065 2141 pocula
1077 2054 1200 2119 descri-

102 2161 237 2226 bentom
262 2160 387 2226 duabus
409 2169 534 2226 tantum
555 2162 752 2248 imaginibus
776 2170 931 2228 exornata
955 2161 1000 2226 ita
1030 2170 1067 2226 ut
1099 2165 1201 2246 „Quis

103 2270 186 2336 elius
208 2269 325 2336 fuerit“
356 2291 396 2335 ne
419 2278 508 2334 recte
531 2270 663 2354 quidem
686 2270 750 2336 dici
774 2271 916 2358 potuerit
936 2307 980 2320 -
1001 2273 1041 2337 ab
1070 2270 1137 2336 0011
1169 2277 1202 2336 01

102 2376 258 2466 prudenti
279 2377 380 2443 Probi
400 2377 489 2445 illius
510 2378 632 2444 indicio
655 2379 780 2445 alienus
807 2379 888 2444 mihi
909 2401 979 2445 esse
1000 2378 1139 2444 videtur.
1160 2413 1200 2426 -

102 2485 216 2552 Aliam
233 2485 390 2552 eiusmodi
409 2486 722 2552 consarcinationem
741 2488 926 2553 invenimus
945 2488 980 2560 in
994 2486 1198 2553 enarratione

102 2615 218 2660 versus
241 2593 365 2681 Georg.
389 2593 492 2660 1244
514 2617 596 2680 quae
619 2596 751 2683 longior
773 2607 822 2662 est
846 2619 942 2682 quam
964 2618 1046 2682 quae
1068 2596 1122 2661 hic
1144 2595 1200 2660 de-

106 2702 276 2770 scribatur.
312 2703 364 2768 lbi
389 2725 518 2789 quoque
537 2728 605 2770 non
624 2705 762 2770 multum
783 2715 857 2794 post
880 2704 1009 2770 initium
1030 2707 1131 2770 verba
1155 2726 1202 2770 00-

107 2820 251 2896 quuntur
277 2812 338 2894 „In
359 2811 423 2878 alio
451 2812 517 2878 sio“
547 2812 663 2898 quibus
684 2813 850 2878 inducitur
870 2813 1062 2899 longissima
1083 2813 1201 2879 disser-

105 2919 186 2985 tatio
210 2942 277 2986 non
296 2921 555 2986 contemnendae
577 2921 742 2987 doctrinae
762 2921 804 2985 de
826 2921 1085 3010 quinquereme,
1106 2943 1203 3006 quam

107 3028 225 3094 eodem
247 3029 343 3094 modo
366 3049 429 3112 quo
450 3052 547 3117 supra
566 3031 668 3096 verba
698 3030 751 3113 „in
772 3030 855 3096 alio“
884 3055 903 3096 a
925 3030 1035 3096 Probo
1064 3031 1204 3098 alienam

106 3157 180 3203 esse
192 3137 377 3204 ostendunt.
407 3137 563 3224 Magnam
586 3138 655 3204 eius
676 3149 803 3225 partem
826 3139 944 3204 iterum
957 3139 1098 3226 legimus
1118 3139 1204 3226 apud

105 3243 273 3312 Isidorum
284 3243 325 3308 de
336 3252 401 3310 nat.
413 3264 477 3310 rer.
490 3267 518 3308 0.
533 3243 583 3328 10,
604 3266 669 3309 non
691 3245 822 3331 quidem
842 3243 921 3333 ipsis
934 3245 1042 3311 verbis
1055 3245 1205 3310 01111100

104 3353 179 3418 1000
193 3362 427 3437 congruentem
438 3343 497 3418 sed
508 3362 618 3419 tamen
627 3354 791 3418 simillimo
801 3374 912 3418 rerum
926 3375 1054 3419 conexu
1065 3353 1205 3418 eandem

106 3482 204 3546 quam
237 3461 294 3528 illa
327 3462 491 3547 originem
518 3462 743 3528 ostendentem
775 3461 886 3547 (etiam
917 3463 1006 3549 apud
1031 3470 1205 3548 utrumque

107 3569 253 3656 quinque
275 3568 391 3634 mundi
410 3591 511 3636 zonae
534 3571 676 3656 quinque
700 3569 812 3656 digitis
835 3570 1087 3658 comparantur).
1112 3570 1205 3651 Quae

105 3677 229 3746 Isidori
249 3680 350 3744 verba
372 3701 445 3744 cum
467 3701 510 3744 ex
531 3678 667 3746 Suetoni
678 3679 785 3744 Pratis
809 3688 964 3767 excerpta
984 3676 1205 3744 esseReiffer-

106 3785 274 3854 scheidius
302 3787 508 3875 perspexerit
536 3787 604 3872 (ed.
626 3787 718 3856 Suet.
740 3812 772 3876 p.
798 3788 858 3854 195
870 3809 940 3874 sqq.
961 3787 1023 3853 426
1035 3791 1132 3875 sqq.)‚
1163 3811 1205 3855 ex

106 3894 235 3974 eisdem
260 3895 397 3964 Suetoni
418 3896 544 3962 scriniis
566 3921 585 3960 a
606 3895 818 3982 grammatico
839 3906 950 3961 nostro
978 3895 1206 3986 depromptam

107 4025 181 4070 esse
204 4003 454 4093 disputationem
472 4004 651 4072 verisimile
670 4004 809 4071 videtur.
822 4005 1029 4090 -Denique
1049 4005 1084 4070 in
1096 4006 1205 4071 adnot.

106 4111 150 4178 ad
170 4111 296 4202 Georg.
319 4112 415 4178 1137
436 4135 517 4178 voce
542 4113 673 4195 „Aliter
683 4112 711 4178 :“
743 4113 970 4180 commentatio
992 4113 1075 4178 alius
1097 4135 1205 4198 gram-

105 4220 213 4290 matici
235 4223 458 4313 prioreparte
479 4222 612 4310 longior
635 4230 668 4288 01
687 4222 867 4290 accuratior
887 4221 1063 4288 inducitur.

994 4333 1011 4388 2
