2998 4692
641 349 682 414 2‘1

101 535 165 602 III
179 533 287 621 egisse
298 533 468 614 ridentur3
489 532 534 597 ita
553 541 590 598 ut
600 532 776 602 Suetonius
797 555 899 621 pauca
922 542 1047 600 tantum
1062 531 1207 600 mutave·

101 643 160 725 rit,
180 650 351 729 poetarum
373 640 428 726 qui
448 650 522 730 post
544 641 727 706 Varronem
747 641 902 708 vixerunt
924 642 1055 707 nomina
1080 653 1113 707 et
1133 665 1206 709 sen·

101 752 224 817 tentiae
246 750 396 816 nonullae
418 749 547 834 Horati,
570 771 613 816 ex
633 758 703 816 arte
725 752 866 816 maxime
889 751 1027 838 poetica,
1048 750 1204 820 adiciens.

102 861 207 929 Idea
237 861 375 926 fortasse
408 879 446 924 re
468 858 688 943 confirmatur,
724 859 811 944 quod
833 858 873 924 de
899 859 991 944 poesi
1029 857 1206 924 dramatico

103 968 211 1034 multo
231 966 334 1032 fusius
354 975 387 1031 et
406 967 589 1033 accuratius
614 967 773 1052 quamde
795 967 913 1033 ceteris
940 966 1119 1051 generibus
1141 964 1205 1032 dis·

102 1086 212 1164 putat,
242 1097 339 1160 quam
359 1073 502 1141 Varroni
531 1096 662 1160 quoque
681 1075 847 1141 maximae
870 1097 967 1142 curae
988 1076 1089 1142 fuisse
1110 1074 1205 1140 multi

104 1185 179 1252 eiua
201 1184 359 1251 librorum
379 1183 466 1248 tituli
489 1184 664 1251 declarant.

194 1293 234 1358 In
255 1293 320 1358 fine
348 1290 576 1380 disputationis
601 1292 680 1358 illuc
709 1293 914 1359 redeundum
944 1299 994 1356 est
1025 1291 1113 1378 quod
1139 1312 1206 1358 non

103 1427 242 1494 parvam
259 1404 293 1470 in
312 1404 543 1471 commentario
566 1403 747 1470 doctrinam
769 1401 822 1467 hic
842 1399 911 1466 illie
933 1400 1114 1488 dispersam
1132 1421 1204 1466 esse

104 1533 209 1598 supra
229 1511 306 1578 dixi.
337 1510 462 1579 Sedes
479 1534 516 1578 re
534 1533 602 1578 non
623 1534 661 1578 eo
685 1511 836 1578 ducimur
854 1516 891 1574 ut
909 1508 1085 1593 antiquiori
1107 1507 1205 1574 aetati

105 1641 186 1684 eum
226 1619 475 1686 adscribendum
514 1640 713 1685 censeamus.
770 1617 864 1683 Haec
899 1617 986 1683 enim
1023 1616 1206 1682 studiorum

106 1727 395 1816 grammaticorum
414 1727 561 1794 condicio
584 1726 646 1793 fuit
668 1737 704 1792 ut
727 1727 782 1814 qui
804 1737 898 1794 antea
919 1726 1062 1792 thesauri
1084 1725 1205 1792 conlati

107 1846 213 1920 erant,
238 1857 282 1901 ex
306 1836 352 1900 eis
373 1836 570 1923 posteriores
600 1858 675 1901 oum
697 1835 775 1902 inde
806 1836 846 1901 ab
869 1835 1113 1902 Antoninorum
1134 1834 1205 1900 fere

108 1953 218 2010 aetate
237 1943 464 2031 perscrutandi
485 1954 518 2010 et
539 1967 613 2010 cum
635 1943 753 2010 sudore
775 1943 964 2032 inquirendi
985 1943 1127 2009 studium
1148 1964 1204 2010 ex·

108 2053 326 2139 tingueretur,
351 2052 509 2140 quidquid
528 2052 652 2118 vellent
666 2051 726 2118 sibi
743 2053 968 2138 decerperent.
993 2053 1066 2134 Quo
1083 2056 1205 2118 factum

109 2170 216 2228 estut
237 2161 335 2227 modo
357 2160 548 2227 brevissimo
573 2161 779 2248 compendio,
808 2160 896 2226 omni
918 2159 1087 2226 doctrinae
1109 2183 1206 2249 appa-

107 2278 180 2336 ratu
202 2271 355 2355 neglecto
381 2291 434 2335 res
468 2291 550 2358 quae
574 2278 753 2335 memoratu
785 2269 904 2357 dignae
931 2270 1128 2336 videbantur
1150 2289 1205 2336 ex·
1274 2311 1279 2326 ι

108 2377 341 2462 scriberentur,
375 2379 471 2444 modo
503 2377 560 2442 ille
594 2376 648 2441 vel
668 2386 756 2443 totus
777 2377 832 2442 vel
854 2400 897 2443 ex
918 2389 1012 2467 parte
1033 2379 1068 2443 in
1089 2399 1205 2446 recen·

107 2487 208 2554 tiores
239 2487 342 2553 libros
374 2487 537 2554 transiret.
598 2485 673 2552 Hoc
704 2509 732 2554 e.
760 2510 787 2552 c.
825 2487 859 2552 in
890 2486 986 2556 Servi
1021 2486 1141 2553 saeculi
1171 2485 1204 2552 V

106 2595 311 2682 grammatici
332 2595 573 2662 commentariis
595 2597 717 2660 factum
737 2594 857 2683 estqui
874 2595 992 2661 multas
1007 2617 1061 2660 res
1072 2594 1205 2660 aliunde

15 2711 19 2722 '
106 2701 238 2788 ignotas
250 2703 541 2769 remotissimorum
555 2724 789 2788 nonnunquam
802 2703 1000 2790 scriptorum
1014 2703 1205 2770 auctoritate

107 2811 292 2895 confirmat;
315 2833 435 2899 nempe
458 2833 501 2877 ex
520 2812 737 2898 antiquiorum
752 2814 993 2880 commentariis
1010 2837 1064 2880 eas
1078 2813 1204 2900 petivit.

107 2919 206 3001 Quod
231 2921 343 2986 curin
365 2931 476 2988 nostro
498 2921 583 2987 libro
606 2945 672 2988 non
693 2931 801 3010 potest
824 2924 941 2990 eodem
963 2923 1062 2990 modo
1084 2927 1204 2991 iactum

107 3028 207 3092 esse?
230 3051 288 3095 cur
307 3030 394 3095 hunc
417 3029 563 3095 Probum
586 3031 635 3114 (ut
657 3032 789 3096 nomine
813 3031 899 3117 utar)
931 3054 1014 3119 quae
1041 3054 1084 3098 ex
1106 3033 1205 3101 Calli-

105 3134 225 3200 macho
247 3135 447 3224 Asclepiade
468 3138 668 3226 Palaephato
689 3140 824 3226 profert,
856 3141 964 3227 ipsum
990 3141 1036 3207 ibi
1059 3141 1205 3207 hausisse

105 3250 269 3331 putemus,
299 3268 374 3312 cum
394 3254 443 3310 tot
463 3267 579 3311 causae
609 3254 778 3312 recentem
803 3256 836 3311 et
867 3247 944 3314 eatis
971 3249 1205 3336 neglegentem

106 3362 339 3440 excerptorem
360 3375 434 3419 eum
456 3375 526 3420 esse
549 3354 718 3420 declarent
731 3355 784 3440 Ἦ
807 3393 846 3402 -
869 3355 946 3422 Non
975 3355 1094 3422 cadunt
1123 3379 1204 3444 quae

106 3458 178 3524 dixi
196 3461 232 3525 in
253 3461 505 3549 disputationem
536 3463 577 3527 de
612 3464 725 3530 mundi
757 3465 926 3530 elementis
956 3487 1038 3553 quae
1066 3466 1108 3531 ad
1131 3465 1204 3532 Ecl.

105 3567 140 3650 6,
157 3567 196 3632 31
227 3568 392 3655 adscripta
422 3579 481 3655 est,
510 3593 610 3636 unam
637 3572 726 3638 illam
760 3574 834 3662 plus
864 3595 960 3661 quam
989 3584 1082 3639 sexta
1105 3573 1204 3639 totius

104 3675 183 3740 libri
202 3686 296 3766 parte
308 3687 520 3748 constantem.
551 3682 627 3749 Non
647 3693 754 3770 potest
774 3683 832 3750 illa
852 3683 913 3748 nisi
932 3683 1119 3748 florentium
1139 3693 1204 3751 stu-

106 3779 235 3847 diorum
258 3791 405 3869 tempore
431 3788 613 3874 conscripta
635 3811 721 3874 essc;
755 3789 939 3858 doctissime
958 3791 1045 3858 enim
1067 3793 1203 3880 parique

179 4051 204 4115 1)
224 4051 357 4108 adnotare
375 4053 459 4110 liceat
468 4057 602 4127 plurimas
613 4059 719 4113 fabulas
731 4076 765 4114 ex
780 4017 857 4114 ovid.
871 4019 983 4115 ldetam.
997 4064 1029 4116 nt
1038 4060 1148 4115 videtur
1157 4059 1204 4117 de·

107 4151 231 4218 sumptas
251 4165 320 4216 esse,
340 4150 451 4205 nomine
468 4153 564 4222 paucis
582 4154 652 4208 locis
671 4155 800 4225 apposito
807 4175 818 4238 ;1
842 4155 877 4211 cf.
895 4156 989 4212 adnot.
1009 4155 1044 4210 ad
1060 4157 1119 4212 Ecl.
1130 4159 1154 4225 6,
1161 4159 1202 4212 61.

105 4243 140 4300 74
151 4243 203 4299 bis.
218 4245 261 4302 78.
281 4244 381 4316 Georg.
390 4245 412 4315 l,
421 4249 466 4305 36.
475 4249 519 4306 60.
528 4251 587 4308 221.
598 4253 660 4310 339.
677 4251 712 4321 11,
722 4252 766 4308 84.
777 4249 838 4312 360.
857 4251 906 4324 111,
916 4254 977 4310 338.
994 4251 1041 4322 IV,
1052 4253 1093 4310 lb.
1105 4253 1165 4314 317.
