2998 4692
825 311 845 376 8

285 498 375 587 apud
397 497 544 567 Gellium
574 517 627 562 ros
658 516 755 562 curce
785 495 816 560 ei
837 494 936 560 fuisse
957 494 1116 562 videmus.
1160 494 1259 560 Haud
1289 495 1394 564 alitor

285 627 339 674 res
362 627 397 673 se
420 605 520 670 habet
541 605 576 670 in
599 613 672 671 octo
694 604 886 690 fragmentis
909 625 992 690 quae
1014 625 1032 669 e
1055 603 1260 670 Terentianis
1282 602 1389 671 Probi

288 713 527 780 commentariis
545 713 696 781 Donatus
726 710 874 796 affert1).
917 710 1093 778 Accedunt
1124 711 1265 798 denique
1281 709 1389 778 baud

284 822 383 914 pauci
405 821 492 909 apud
516 819 702 887 Charisium
722 818 920 887 Diomedem
941 819 1147 885 Priscianum
1168 819 1243 903 loci,
1266 818 1386 908 quibus

285 935 379 1020 leges
401 929 634 1018 grammaticae
656 939 691 994 et
710 929 835 994 formae
856 948 1019 1014 vocesque
1041 929 1181 995 rariores
1210 931 1265 996 vel
1290 929 1387 996 obso-

273 1043 372 1108 -letae
394 1039 496 1107 Probi
517 1037 710 1105 auctoritate
732 1037 980 1120 confirmantur3
1005 1060 1143 1123 quorum
1165 1062 1240 1106 cum
1255 1060 1310 1105 eos
1327 1038 1387 1124 qui

287 1148 374 1238 apud
395 1146 600 1215 Priscianum
621 1145 777 1231 leguntur
804 1148 874 1212 fere
904 1167 1017 1212 omnes
1042 1147 1224 1235 exscriptos
1246 1167 1316 1212 esse
1340 1167 1388 1211 ex

287 1255 467 1345 deperditis
489 1255 619 1344 partim,
640 1253 759 1341 partim
779 1253 914 1320 servatis
935 1253 1072 1320 iunioris
1088 1254 1190 1321 Probi
1204 1254 1387 1342 artigraphi

285 1366 368 1432 locis
391 1364 526 1434 Osanno
549 1363 652 1431 Beitr.
664 1388 692 1428 a.
705 1361 921 1430 Litt-Gescb
940 1362 1053 1430 11210
1068 1385 1146 1449 sqq..
1160 1363 1266 1430 visum
1289 1370 1387 1446 esset,

284 1474 454 1542 novissimi
489 1473 633 1538 editores
661 1473 837 1560 plerosque
870 1473 961 1538 locos
996 1473 1105 1540 Probo
1129 1471 1266 1560 Berytio
1294 1471 1386 1538 attri-

285 1584 435 1652 buendos
456 1604 529 1648 esse
551 1581 674 1670 optimo
695 1581 767 1646 iure
789 1589 971 1646 statuerunt
994 1581 1139 1665 (Keilius
1161 1582 1197 1648 in
1218 1581 1319 1670 praef.
1342 1582 1388 1647 ad

289 1692 415 1761 Charis.
435 1713 467 1778 p.
491 1689 558 1756 LII
571 1710 641 1774 sqq.
655 1687 816 1755 Hertzius
837 1688 879 1753 ad
901 1689 1102 1757 Prisc.de
1124 1713 1155 1778 p.
1173 1689 1258 1775 171).
1287 1690 1387 1754 Prae·

287 1813 379 1867 terea
402 1820 484 1884 quae
505 1798 540 1864 in
562 1797 663 1863 schol.
684 1796 842 1862 Bemcns.
863 1797 905 1862 ad
927 1795 1116 1881 GeorgIV
1132 1797 1192 1862 134
1210 1797 1387 1884 leguntur:

293 1908 470 1996 „Corpora
501 1905 674 1994 carpebat3
708 1903 866 1971 infinitivo
900 1904 986 1969 anim
1021 1904 1213 1994 imperfecta
1241 1913 1390 1992 tempora

289 2017 452 2103 significat
474 2037 565 2081 more
587 2024 748 2099 veterum,
771 2023 808 2078 ut
818 2012 945 2080 Probus
967 2013 1030 2078 ait“
1054 2012 1217 2100 originem
1237 2035 1328 2078 suam
1344 2035 1389 2080 ex

289 2123 424 2190 Valerio
440 2124 549 2189 Probo
572 2124 710 2188 fortasse
732 2123 873 2204 ducunt;
896 2121 939 2186 ad
961 2121 1140 2206 quaeinfra
1153 2121 1388 2187 revertendum
1490 2169 1491 2196 p

290 2235 362 2299 erit.
384 2269 428 2282 »-
446 2234 541 2298 Vnus
562 2241 687 2296 tantum
714 2231 807 2297 locus
831 2239 950 2314 exstat,
983 2253 1046 2316 quo
1077 2231 1142 2316 ipsi
1167 2231 1216 2296 rei
1242 2230 1388 2296 breviter
1490 2225 1491 2228 ¹

291 2342 491 2407 enarrandae
519 2363 651 2427 operam
681 2339 782 2424 dedit,
813 2339 900 2427 apud
926 2339 1071 2408 Macrob.
1093 2338 1160 2407 Sat.
1180 2339 1213 2406 V
1235 2340 1292 2424 223
1331 2340 1388 2428 qui
1490 2385 1491 2400 t

289 2448 422 2535 prolatis
438 2449 585 2516 versibus
600 2448 723 2535 Georg.
733 2448 853 2515 111391
866 2471 936 2536 sqq.
951 2448 996 2512 ita
1009 2446 1138 2536 pergit:
1165 2447 1224 2532 „In
1236 2449 1299 2514 hoc
1311 2449 1386 2516 loco
1490 2419 1491 2476 ³

290 2557 444 2623 Valerius
467 2558 595 2624 Probus
625 2557 676 2622 vir
705 2556 961 2645 perfectissimus
980 2564 1070 2621 notat
1091 2556 1219 2623 nescire
1242 2557 1387 2623 sabano
1490 2579 1491 2642 ᾗ

288 2666 456 2732 historiam
479 2666 547 2731 sive
568 2666 711 2732 fabulam
734 2688 798 2752 quo
820 2667 948 2752 referat,
972 2675 1113 2750 auctore,
1144 2664 1233 2753 quod
1261 2673 1388 2732 tantum
1490 2677 1491 2688 ³

288 2777 394 2841 virum
425 2775 550 2861 fugisse
580 2777 710 2841 miror.“
761 2775 860 2857 Quod
892 2776 978 2839 enim
1007 2775 1048 2838 ad
1074 2775 1206 2842 Phorm.
1232 2775 1260 2861 Ι,
1290 2776 1319 2861 1,-
1347 2777 1388 2843 lb
1490 2831 1491 2836 ,

289 2883 386 2948 affort
407 2905 489 2968 quae
502 2883 609 2948 Varro
632 2884 672 2948 de
694 2882 843 2948 initiandi
863 2904 955 2947 more
981 2882 1088 2964 tradit,
1110 2882 1198 2950 inter
1209 2885 1388 2952 verborum
1490 2887 1491 2954 Ϊ

290 2991 394 3078 magis
417 3013 513 3076 quam
536 2991 623 3056 inter
646 3013 755 3056 rerum
778 2989 1014 3078 explicationes
1038 2993 1189 3077 equidem
1210 2994 1386 3081 posuerim.
1490 3049 1491 3074 t

371 3099 443 3166 Hac
471 3099 692 3188 descriptione
715 3098 856 3166 omnium
877 3099 978 3165 Probi
1005 3100 1059 3186 qui
1086 3111 1216 3168 exstant
1242 3102 1387 3168 locorum
1490 3159 1491 3197 p

291 3207 461 3290 evincitur,
487 3209 771 3296 grammaticarum
801 3207 941 3274 maxime
970 3232 1081 3276 rerum
1108 3210 1334 3276 tractationem
1355 3220 1387 3274 et
1490 3199 1491 3254 ]

289 3325 457 3401 praeterea
479 3317 558 3382 artis
576 3317 724 3404 poeticae
741 3317 896 3384 iudicium
911 3319 1105 3406 praecipuae
1119 3318 1148 3383 ei
1162 3319 1197 3382 in
1211 3318 1387 3384 adnotatio·
1490 3363 1491 3392 t

290 3438 481 3448 m

361 3523 388 3588 1)
407 3521 551 3593 Leguntur
574 3527 648 3595 apud
676 3526 816 3598 Suringar.
835 3530 853 3582 l.
866 3547 888 3584 c·
898 3529 919 3596 1,
930 3531 965 3586 99
977 3547 1018 3599 sq.
1037 3529 1146 3584 addidit
1172 3527 1282 3582 lahnius
1303 3525 1387 3581 Probi

290 3617 580 3674 commemorationem
604 3636 647 3689 ap.
667 3620 796 3676 Rufinum
814 3640 841 3692 p.
855 3623 935 3692 2713,
960 3623 1009 3677 ubi
1028 3623 1183 3676 interillos
1202 3623 1386 3686 enumeratur,
1490 3629 1491 3690 j

290 3713 337 3783 qui
361 3716 471 3767 veteres
498 3713 685 3769 Romanorum
707 3715 815 3770 fabulas
838 3716 964 3770 versibus
992 3715 1165 3784 conscriptas
1191 3733 1250 3770 esse
1279 3719 1385 3787 putant.
1490 3691 1491 3776 i

289 3806 426 3861 Addenda
444 3811 486 3861 est
504 3810 651 3876 praeterea
668 3809 812 3862 adnotatio
832 3809 868 3863 ad
886 3807 1124 3876 Phorm.1‚1‚1o:
1147 3809 1210 3863 »ubi
1227 3808 1386 3863 initiabunt.
1490 3845 1491 3882 t

288 3902 405 3972 Legitur
422 3903 497 3972 apud
514 3903 668 3957 Varronem
686 3902 792 3957 initiari
808 3920 911 3973 pueros
931 3903 1048 3958 Eduliac
1067 3907 1096 3958 et
1112 3901 1227 3960 Poticac
1246 3907 1275 3958 ct
1295 3903 1386 3959 outae

289 3998 360 4054 diris
383 3997 484 4053 edendi
504 4002 533 4052 et
548 3998 664 4068 potandi
693 4001 722 4054 et
748 3999 877 4066 cubandi,
903 3999 952 4053 ubi
975 3999 1095 4068 primum
1120 4017 1137 4054 a
1158 3999 1231 4055 lactc
1256 4003 1286 4055 ct
1309 3999 1386 4054 cunis

289 4093 475 4163 transierunt3
499 4093 574 4164 quod
598 4093 696 4164 Virgil.
716 4093 778 4150 Eat.
789 4095 839 4150 IV:
866 4111 919 4149 nec
945 4095 1013 4149 deus
1036 4095 1110 4152 hunc
1130 4113 1235 4164 mensa,
1260 4095 1312 4149 dea
1335 4111 1387 4148 nac

231 4188 235 4194 ¹
290 4189 406 4262 dumea
425 4190 510 4246 cubiti
528 4193 579 4245 cst.
614 4189 675 4244 Hoc
693 4188 837 4244 adnotavit
853 4188 986 4244 Probus«
