2998 4692
806 367 808 373 ⁵
860 415 879 478 a

326 607 440 664 notare
472 600 607 682 curavit,
637 601 698 666 soli
727 599 803 664 huic
833 621 894 664 nec
922 601 982 666 ulli
1006 609 1175 688 praeterea
1196 604 1438 689 grammatices

326 707 410 794 parti
440 706 579 773 deditus.
623 709 689 774 Hic
716 731 783 774 non
812 717 879 772 tam
911 708 1089 794 discipulos
1119 714 1215 794 qua'm
1247 723 1436 779 sectatores

329 817 455 901 aliquot
475 816 596 903 habuit.
632 816 805 906 Nunquam
831 815 918 881 enim
938 816 982 882 ita
1005 817 1115 883 docuit
1134 829 1170 882 ut
1189 822 1337 906 magistri
1353 845 1435 910 per-

327 947 439 988 sonam
464 925 654 1008 sustineret;
679 948 781 990 unum
804 935 835 990 et
858 927 996 990 alterum
1013 928 1072 1000 ,vel
1094 928 1339 1012 complurimos
1360 941 1433 996 tres

326 1041 381 1096 aut
414 1042 565 1118 quattuor
593 1033 857 1120 postmeridianis
884 1033 982 1122 horis,
1001 1035 1173 1100 admittere
1207 1037 1342 1122 solebat,
1372 1061 1433 1102 cu-

328 1141 472 1227 bansque
497 1142 584 1206 inter
607 1143 725 1228 longos
750 1165 787 1207 aa
810 1143 967 1229 volgares
990 1163 1155 1210 sermones
1185 1145 1298 1242 legere
1328 1168 1431 1230 quae-

296 1239 297 1246 *
327 1247 411 1320 dam,
435 1249 534 1334 idque
552 1271 698 1337 perraro.
733 1250 837 1318 Nimis
857 1273 961 1337 pauca
983 1261 1015 1315 et
1039 1253 1160 1338 exigua
1177 1253 1217 1317 de
1232 1254 1430 1337 quibusdam

327 1359 458 1423 minutis
481 1360 736 1443 quaestiunculis
761 1360 873 1425 edidit.
915 1359 1062 1444 Reliquit
1085 1370 1191 1425 autem
1213 1384 1280 1426 non
1302 1362 1429 1427 medio-

326 1487 416 1530 crem
436 1465 552 1532 silvam
574 1467 838 1534 observationum
859 1467 1018 1532 sermonis
1040 1467 1193 1552 antiqui.“

410 1575 467 1641 Ad
487 1576 571 1639 iuste
595 1576 829 1641 aestimandam
851 1574 989 1642 Suetoni
1010 1574 1110 1640 fidem
1130 1577 1264 1640 maximi
1286 1588 1334 1642 est
1357 1602 1427 1644 mo-

326 1685 427 1750 menti
446 1694 483 1750 ut
503 1684 582 1770 quid
604 1685 646 1748 sit
666 1684 757 1749 illud.
777 1684 933 1749 adnotare
953 1684 1005 1748 cui
1026 1683 1154 1748 Probus
1177 1706 1310 1772 operam
1333 1710 1428 1752 suam

325 1793 465 1877 navavit,
488 1801 579 1858 recte
601 1792 823 1878 intellegatur.
865 1793 943 1859 Non
964 1791 1191 1857 enimvdesunt
1211 1795 1266 1878 qui
1281 1817 1354 1860 eum
1368 1817 1427 1880 pa-

326 1923 399 1966 rum
432 1909 590 1992 accurate¹
613 1901 760 1966 locutum
792 1883 863 1966 csse
888 1911 1014 1989 putent.
1057 1899 1146 1967 Sane
1174 1911 1282 1967 autem
1305 1905 1426 1970 mirum

327 2020 413 2076 esset
435 2009 462 2074 si
485 2008 663 2076 Suetonius
687 2032 785 2095 quem
810 2009 1026 2076 certissimum
1054 2011 1175 2094 ubique
1204 2009 1424 2098 rerum'quas

326 2128 435 2184 narrat
457 2128 624 2186 auctorem
652 2141 723 2184 esse
754 2115 841 2184 int'cr
863 2140 976 2184 omnes
1000 2127 1137 2202 constat,
1166 2119 1228 2184 hoc
1255 2142 1320 2184 uno
1348 2121 1422 2186 loco

324 2228 557 2314 neglegentiae
572 2236 658 2294 esset
670 2225 881 2310 accusandam,
901 2228 1094 2311 praesertim
1110 2250 1184 2292 cum
1198 2229 1422 2294 auctoritatem

325 2336 390 2402 loci
411 2346 531 2422 augeat
553 2335 642 2400 hisce
667 2332 796 2400 disertis
819 2333 927 2402 verbis
953 2333 1130 2399 adiunctis:
1162 2337 1242 2420 ,soli
1261 2337 1338 2401 huic
1359 2359 1421 2402 nec

325 2445 384 2510 ulli
414 2453 585 2530 praeterea
609 2443 837 2530 grammatices
866 2443 951 2528 parti
981 2441 1141 2508 deditus.“
1184 2443 1262 2508 Iure
1291 2446 1422 2532 quidem

326 2553 360 2618 in
383 2573 421 2616 eo
443 2551 660 2635 consentiunt,
684 2551 861 2617 adnotandi
883 2550 1029 2616 officium
1055 2550 1159 2635 initio,
1185 2553 1421 2638 cumprimum

266 2718 272 2734 .
327 2660 518 2726 aRomanis
549 2660 775 2743 exercebatur,
806 2681 907 2753 unum
937 2659 999 2724 hoc
1028 2667 1192 2745 spectasse
1214 2669 1250 2724 ut
1272 2669 1446 2727 notarum*

328 2768 513 2834 criticarum
536 2790 614 2853 quas
637 2768 842 2854 grammatici
864 2767 986 2838 Graeci
1008 2769 1223 2834 excoluerant
1242 2792 1337 2834 usum
1357 2769 1421 2856 sig—

328 2876 488 2961 nificaret,
509 2898 606 2962 quem
626 2877 692 2942 iam
714 2877 799 2942 inter
819 2877 1060 2964 antiquissimos
1079 2877 1298 2942 Romanorum
1315 2891 1421 2962 gram-

327 2985 462 3054 maticos
483 2986 624 3052 valuisse
645 3007 687 3050 ex
708 2973 868 3051 anecdota
890 2983 1038 3050 Parisino
1062 2984 1103 3048 de
1126 2985 1221 3068 notis,
1245 2986 1287 3050 ad
1308 2986 1422 3056 Sueto-

328 3093 418 3178 nium
439 3093 510 3159 iure
533 3118 552 3158 a
574 3093 653 3159 viris
673 3093 776 3160 doctis
788 3093 902 3178 relato,
927 3093 1080 3159 certiores
1093 3093 1171 3158 facti
1188 3117 1312 3179 sumus3
1336 3096 1422 3178 quod

326 3202 469 3288 primum
490 3204 525 3268 in
548 3203 657 3269 diariis
680 3202 828 3288 antiquit.
849 3202 983 3268 litterar.
1006 3203 1086 3270 1845
1107 3225 1140 3290 p.
1152 3202 1193 3266 85
1203 3224 1284 3287 sqq,
1305 3203 1421 3267 deinde

328 3311 361 3375 in
376 3311 627 3378 Reifferscheidi
643 3309 1140 3395 Suetonianarum'reliquiarum
1156 3309 1298 3376 editione
1318 3333 1349 3397 p.
1363 3312 1419 3375 137

329 3439 399 3502 sqq.
420 3420 510 3504 typis
535 3421 735 3507 descriptum
758 3427 816 3485 est.
859 3419 922 3502 lbi,
953 3417 1147 3484 enumeratis
1173 3418 1223 3482 his
1253 3421 1350 3504 notia,
1378 3419 1421 3484 ita
1474 3483 1475 3502 2

320 3526 494 3614 pergitur:

413 3634 494 3716 ,His
517 3633 594 3700 solis
616 3635 650 3700 in
672 3635 933 3700 adnotationibus
954 3634 1054 3702 Ennii
1074 3634 1194 3742 Luqilii
1218 3633 1326 3716 (Lucii
1345 3637 1417 3720 ms.)
1474 3683 1475 3700 .

327 3754 360 3810 et
382 3745 612 3810 historicorum
633 3743 682 3810 usi
705 3753 780 3808 sunt
793 3743 1015 3830 Vargunteius
1040 3745 1176 3825 (uarros.
1192 3741 1337 3827 ,hennius
1351 3764 1418 3824 ms,

328 3855 463 3920 mutavit
483 3849 659 3938 Bergkius,
680 3852 792 3916 nescio
815 3875 857 3916 an
878 3861 979 3934 recte,
1002 3848 1060 3916 sed
1081 3848 1197 3913 melius
1216 3849 1252 3913 in
1268 3858 1418 3938 promptu

328 3987 394 4030 non
423 3961 541 4047 habeo)
572 3960 754 4046 Aeliusque
784 3969 815 4024 et
844 3968 1008 4046 postremo
1035 3956 1173 4041 Probus,
1205 3958 1260 4044 qui
1288 3957 1360 4024 illas
1385 3961 1418 4026 in

328 4073 470 4160 Virgilio
494 4079 526 4136 et
545 4070 682 4138 Horatio
706 4076 739 4134 et
758 4067 911 4134 Lucretio
938 4066 1089 4155 apposuit
1109 4077 1145 4132 ut
1172 4067 1319 4134 Homero
1346 4069 1417 4138 Ari-

329 4183 506 4252 starchus.“

412 4294 485 4384 Qup
506 4292 578 4358 loco
607 4290 762 4356 docemur
783 4295 932 4354 notarum
962 4307 1058 4350 usum
1088 4287 1176 4374 apud
1194 4287 1357 4354 Romanos
1385 4298 1416 4352 ot
