2998 4692
186 1419 483 1488 Grammaticorum
508 1420 562 1508 qui
589 1419 715 1485 duobus
739 1420 809 1485 fere
832 1418 947 1506 primis
968 1420 1201 1508 imperatorum

24 1537 27 1544 “
99 1531 322 1597 Romanorum
344 1528 483 1594 saeculis
504 1528 687 1595 floruerunt
710 1549 811 1617 opera
832 1527 994 1613 omnibus,
1016 1529 1070 1616 qui
1093 1540 1201 1620 poste-

98 1637 241 1703 rioribus
263 1638 465 1724 temporibus
492 1637 607 1702 studiis
629 1637 874 1721 incumbebant,
896 1658 957 1724 pro
981 1639 1072 1702 fonte
1100 1638 1201 1706 fuisse

100 1765 143 1811 ex
157 1769 221 1834 quo
235 1741 310 1813 suos
324 1746 491 1827 doctrinae
508 1747 631 1812 rivulos
650 1745 852 1811 deducerent
865 1745 990 1838 nemini
1005 1769 1072 1813 non
1087 1758 1202 1814 notum

100 1867 159 1923 est.
180 1855 294 1952 'Nihil
322 1856 410 1921 enim
439 1855 517 1922 boni
547 1857 673 1922 fructus
705 1855 761 1920 vel
786 1855 822 1921 in
852 1854 931 1941 ipsis
963 1855 1061 1920 rebus
1089 1857 1146 1924 vel
1166 1857 1202 1922 in

97 1964 262 2032 tractandi
282 1949 408 2031 ratione
430 1965 485 2029 isti
508 1965 658 2030 homines
681 1963 915 2051 grammaticae
938 1963 1131 2052 disciplinae
1156 1973 1201 2030 at-

103 2075 221 2159 tulere,
251 2073 309 2139 sed
332 2095 415 2162 quae
438 2073 479 2137 ab
501 2072 738 2162 antiquioribus
761 2072 947 2161 conscripta
966 2073 1135 2160 invenere,
1162 2095 1201 2140 ea

102 2182 274 2272 proprium
294 2181 482 2270 inquirendi
503 2181 648 2248 laborem
668 2183 844 2270 fugientes,
867 2203 1046 2270 excerpere
1069 2191 1102 2247 et
1115 2204 1201 2248 com-

22 2279 24 2286 *
101 2292 208 2380 pilare
231 2291 377 2356 contenti
399 2301 500 2356 erant.
535 2291 758 2374 Quamobrem
772 2291 953 2358 studiorum
967 2292 1074 2379 qualia
1089 2291 1201 2378 priore

99 2400 158 2464 illa
185 2408 291 2464 aetate
318 2399 477 2487 vigebant
504 2410 652 2465 exactam
677 2400 784 2467 animo
808 2401 986 2488 imaginem
1009 2400 1197 2488 imprimere

99 2528 220 2596 operae
249 2508 390 2573 maxime
421 2508 564 2596 pretium
589 2518 649 2593 est,
680 2531 762 2596 quac
788 2519 860 2575 tum
888 2509 1019 2574 demum
1043 2517 1199 2596 quantum

99 2614 170 2680 fieri
191 2624 299 2704 potest
317 2625 467 2682 accurata
490 2617 563 2702 erit,
586 2617 614 2682 si
637 2638 718 2703 quae
741 2617 827 2684 forte
844 2617 935 2682 nullo
950 2617 1021 2682 iure
1035 2617 1101 2682 illis
1117 2623 1199 2680 tem·

98 2723 234 2812 poribus
254 2724 354 2789 tribui
377 2725 494 2808 solent,
516 2746 554 2789 ea
574 2749 593 2790 a
614 2724 746 2812 fastigio
771 2726 806 2790 in
831 2725 919 2813 quod
946 2726 1031 2790 elata
1051 2735 1126 2791 sunt
1149 2746 1198 2791 re·

98 2833 335 2898 vocaverimus.
378 2832 419 2900 Id
448 2832 546 2917 quod,
571 2841 609 2898 ut
636 2832 863 2919 disputationis
892 2833 1063 2899 consilium
1091 2833 1198 2921 primo

101 2941 224 3011 statim*
243 2940 356 3005 limina
387 2942 542 3028 aperiam,
574 2941 610 3007 in
641 2941 880 3007 commentariis
907 2940 1109 3028 Vergilianis
1144 2940 1199 3029 qui

98 3049 146 3115 M.
164 3048 300 3114 Valerio
322 3047 432 3114 Probo
455 3047 694 3133 adscribuntur,
720 3050 907 3116 faciendum
930 3070 1000 3116 esse
1021 3071 1149 3116 censeo.

183 3159 236 3226 De
259 3158 304 3224 M.
327 3158 464 3224 Valerio
485 3159 594 3224 Probo
617 3159 698 3225 haec
720 3160 877 3248 leguntur
897 3160 983 3248 apud
1005 3159 1200 3230 Suetonium

102 3267 144 3332 de
168 3266 389 3354 grammaticis
413 3289 441 3332 c.
464 3266 522 3332 24:

183 3376 249 3458 „M.
261 3373 415 3440 Valerius
428 3375 568 3460 Probus,
587 3374 754 3461 Berytius,
776 3375 832 3440 diu
855 3375 1073 3441 centuriatum
1092 3375 1199 3464 petiit,

100 3482 206 3548 donec
228 3482 338 3548 taedio
360 3482 402 3547 ad
424 3482 530 3547 studia
554 3505 589 3547 sc
613 3482 760 3549 contulit.
803 3483 949 3570 Legerat
972 3484 1006 3550 in
1026 3483 1199 3570 provincia

100 3590 259 3678 quosdam
279 3601 409 3656 veteres
432 3590 562 3656 libellos
584 3590 671 3677 apud
693 3593 960 3678 grammatistam,
985 3592 1123 3658 durante
1143 3592 1217 3673 ad·-

96 3697 163 3762 huc
187 3697 231 3764 ibi
254 3699 461 3788 antiquorum
477 3700 644 3785 memoria,
669 3701 811 3766 necdum
831 3702 963 3767 omnino
979 3700 1099 3776 abolita
1114 3700 1200 3767 sicut

97 3803 233 3873 Romae.
276 3806 346 3872 Hos
377 3830 451 3872 cum
482 3806 674 3894 diligentius
696 3818 862 3895 repeteret
883 3818 980 3896 atquc
1004 3809 1086 3874 alios
1109 3809 1199 3876 dein·

98 3933 179 4000 ceps
193 3937 393 4002 cognoscere
416 3925 561 4002 cuperet,
586 3915 732 4004 quamvis
759 3938 870 3983 omnes
893 3917 1059 3983 contemni
1080 3910 1199 4006 magis-

98 4043 163 4110 que
197 4023 374 4111 obprobrio
405 4025 592 4112 legentibus
627 4045 724 4109 quam
754 4025 880 4111 gloriae
914 4035 947 4090 et
979 4026 1098 4091 fructui
1127 4046 1199 4091 esse

95 4131 384 4216 animadverteret,
408 4132 512 4198 nihilo
536 4131 643 4198 minus
667 4131 703 4196 in
724 4133 892 4220 proposito
916 4133 1049 4216 mansit3
1084 4132 1199 4199 multa·

96 4262 163 4328 que
185 4240 385 4331 exemplaria
407 4249 575 4307 conuecta
597 4239 773 4306 emendare
798 4262 836 4306 ac
857 4240 1062 4326 distinguere
1087 4250 1119 4306 et
1143 4240 1199 4308 ed·

982 4351 996 4406 1
