2998 4692
638 345 659 409 9

101 528 198 596 nibus
220 552 314 596 curae
342 529 452 615 fuisse,
480 552 590 596 rerum
623 538 732 595 autem
761 529 999 594 enarrationem
1026 549 1065 594 eo
1094 507 1222 613 usquo'

100 646 225 716 tantum
249 660 323 704 eum
345 638 485 704 coluisse
510 638 616 724 quoad
634 636 769 728 'omnino
792 646 1026 704 commentator
1047 658 1114 704 non
1140 657 1197 727 po-

99 752 161 816 tuit
182 753 381 839 neglegere;
404 761 440 816 ut
462 774 528 817 uno
550 752 651 817 verbo
669 751 887 837 complectar:
907 774 973 816 non
994 749 1199 838 philoloyam
1242 811 1247 820 .

40 889 45 894 ·
101 882 173 938 eant
199 857 311 944 faciae
345 859 403 924 sed
432 861 679 945 qrammatioam
715 860 867 943 (quorum
900 858 1006 923 studia
1036 855 1197 926 Senecam

99 969 185 1056 Epp.
210 969 281 1052 108,
303 969 345 1035 29
365 990 435 1054 sqq.
466 969 595 1034 disertis
625 968 734 1034 verbis
766 967 954 1034 discerncre
982 977 1096 1035 notum
1124 972 1196 1050 cst).

24 1065 28 1074 ’
100 1078 214 1161 Quare
238 1076 315 1161 quid
336 1077 370 1141 in
391 1076 542 1164 Vergilio
564 1078 773 1162 praestiterit,
792 1078 986 1145 Lerschium
1006 1089 1097 1145 recto
1118 1087 1198 1166 puto

98 1187 147 1252 ite
171 1185 411 1250 demonstrasse
436 1186 530 1270 (diar.
553 1185 614 1253 litt.
637 1187 736 1274 antiq.
750 1187 832 1252 1840
853 1209 885 1274 p.
899 1186 993 1272 113):
1035 1186 1099 1271 „Es
1131 1190 1196 1276 gab

98 1294 154 1359 oin
187 1293 268 1359 oder
301 1295 451 1360 mehrerc
483 1294 681 1383 Exemplare
715 1294 772 1360 des
801 1296 914 1382 Virgil
945 1317 1011 1362 von
1042 1295 1197 1362 Valerius

97 1404 226 1472 Probus
249 1405 365 1492 eigner
383 1406 481 1471 Hand
502 1406 697 1489 verbessert,
719 1404 754 1469 in
773 1404 905 1470 Biicher
927 1404 1109 1491 abgetheilt
1128 1403 1198 1470 und

98 1514 332 1600 interpungirt‚
361 1535 454 1579 woau
484 1515 572 1579 noch
600 1513 830 1600 Randglossen
861 1513 942 1579 oder
974 1514 1197 1599 selbsttndige

98 1622 355 1708 Bemerkungen
388 1624 437 1687 ala
477 1623 682 1708 Vollendany
718 1620 772 1686 de'a
805 1620 983 1687 larita'sclten
1021 1620 1197 1707 Geoctafta

97 1730 333 1796 hinnutraton.“
394 1729 632 1798 Grammaticos
668 1753 721 1796 res
761 1731 858 1796 etiam
897 1730 933 1799 in
961 1730 1092 1796 minutis
1131 1729 1197 1795 illis

99 1838 351 1924 quaestiunculis
386 1861 464 1924 quas
487 1836 646 1905 Suetonio
676 1848 759 1904 teste
792 1838 895 1904 edidit
930 1860 1004 1904 eum
1038 1847 1196 1904 tractasse

100 1947 255 2013 concludi
274 1956 382 2034 potest
404 1967 447 2012 ex
468 1946 591 2012 duabus
616 1969 694 2031 quas
715 1945 881 2012 novimusz
907 1945 978 2029 „De
1000 1946 1128 2012 occulta
1144 1945 1196 2011 lit-

103 2064 246 2122 terarum
266 2055 506 2141 significatione
529 2056 563 2121 in
576 2056 787 2143 epistularum
800 2055 839 2123 O.
853 2054 1002 2121 Caesaris
1015 2054 1195 2143 scriptura“

102 2161 206 2248 (Gell.
237 2164 340 2232 XVII
366 2164 401 2249 9)
436 2174 469 2230 et
497 2164 559 2248 „de
588 2164 815 2250 inaequalitate
845 2162 1022 2228 sermonis“
1054 2162 1196 2248 (Charis.

100 2297 133 2362 p.
157 2272 219 2337 212
239 2272 297 2359 Κ.)
327 2295 409 2359 quae
431 2275 574 2339 omnium
596 2272 715 2339 iudicio
737 2274 845 2339 Probo
866 2273 1003 2359 Berytio
1026 2273 1197 2340 tribuenda

101 2393 162 2450 ost.
206 2383 360 2452 Summos
382 2391 491 2447 autem
512 2380 679 2448 doctrinae
702 2382 827 2445 fructus
851 2379 885 2446 in
905 2380 988 2446 silva
1007 2381 1064 2447 illa
1086 2382 1196 2448 obser·

98 2493 267 2560 vationum
291 2491 449 2558 sermonis
477 2489 602 2575 antiqui
627 2489 805 2555 collocasse
834 2489 965 2556 videtur
996 2513 1093 2576 quam
1121 2500 1196 2580 post

98 2611 238 2670 mortem
261 2600 330 2666 eius
352 2600 392 2666 ab
414 2599 526 2666 amicis
549 2599 668 2665 editam
690 2619 762 2666 esse
774 2598 950 2668 Suetonius
971 2610 1008 2666 ut
1028 2609 1107 2688 puto
1130 2600 1195 2686 sig-

97 2711 219 2796 nificat,
242 2720 275 2776 et
299 2709 428 2777 Gellius
455 2731 530 2774 oum
560 2708 614 2793 „in
644 2709 756 2775 multis
783 2708 958 2774 admodum
979 2708 1079 2775 Probi
1109 2731 1195 2774 com·

99 2819 333 2887 mentationum
354 2817 466 2884 libris“
493 2839 574 2906 quos
596 2815 793 2904 adquisierat
816 2815 858 2881 de
882 2815 1009 2903 origine
1027 2817 1117 2883 vocis
1138 2838 1194 2905 pe·

98 2930 206 2996 territi
229 2951 263 2996 sc
287 2927 484 3014 quaesivisse
506 2927 593 2993 dicat
615 2927 699 2993 hanc
723 2925 838 2992 silvam
857 2925 1044 3014 possedisse
1065 2925 1196 2992 videtur

97 3037 190 3124 (XV,
214 3037 265 3121 30,
290 3035 320 3102 ὃ.
343 3038 387 3102 of.
413 3035 454 3102 Ο.
477 3036 562 3102 Ishn
581 3034 738 3123 Prologg.
760 3034 803 3100 ad
823 3033 914 3100 Pers.
934 3053 967 3122 p.
988 3033 1194 3119 CXXXIX).

265 3143 374 3210 Probi
391 3144 562 3210 adnotatio
587 3155 618 3210 et
644 3146 747 3232 aiqna'e
775 3145 899 3210 oritr‘oie
925 3155 956 3209 et
986 3146 1196 3210 enarratione

264 3252 443 3320 constabat.
490 3251 605 3342 Neque
626 3252 704 3319 daeo
724 3277 779 3320 reo
799 3277 902 3344 neque
925 3253 987 3318 itta
1016 3252 1105 3341 qaod
1129 3275 1196 3318 non

266 3364 370 3428 solam
391 3365 522 3429 vetustis
544 3363 762 3451 saeptos-ibae
786 3386 917 3450 operam
939 3361 1090 3442 navabat,
1122 3384 1196 3427 con-

267 3486 319 3538 tra
330 3471 856 3561 Suetoni'narnatioaentpaqnat.
881 3470 1076 3539 'Enarratt‘o
1089 3450 1198 3536 Probi
1312 3517 1316 3522 -

266 3603 332 3646 non
354 3582 389 3645 in
409 3603 520 3645 reram
542 3579 776 3667 sapienatione
796 3579 855 3646 aed
874 3582 910 3645 a'n
930 3579 1102 3644 vatorum
1115 3574 1196 3665 fere

266 3691 461 3756 tractatione
483 3688 717 3755 continebatur.

184 3795 316 3863 Critiois
336 3797 421 3864 notis
442 3821 505 3885 qua
525 3797 652 3862 rationo
672 3820 750 3862 usus
775 3797 826 3882 sit,
847 3796 950 3867 fusius
970 3797 1194 3866 demonstrare

97 3926 160 3970 neo
187 3927 320 3991 possum
349 3927 456 3994 noque
483 3907 575 3988 volo;
612 3928 654 3972 ex
682 3905 841 3972 anecdoto
867 3906 1017 3973 Parisino
1045 3908 1194 3974 videmus

96 4013 160 4078 hac
180 4012 270 4078 inre
296 4035 369 4078 eum
393 4014 696 4081 Alexandrinorum
716 4013 855 4100 vestigia
871 4015 1029 4104 pressisse
1051 4015 1124 4099 (sed
1137 4015 1193 4080 ha·

96 4121 234 4187 riolatur
257 4121 431 4208 Bergkius,
453 4124 597 4189 Probum
619 4130 653 4188 et
664 4121 858 4192 Suetonium
876 4120 1017 4190 Cratetis
1037 4122 1193 4212 partibus,

18 4243 19 4310 ᾗ
96 4229 246 4316 Asprum
266 4229 449 4323 Aristarchi
471 4227 657 4318 adsignans,
687 4231 728 4300 cf.
751 4231 972 4299 Wachsmuth
998 4230 1039 4296 de
1062 4228 1193 4298 Gratete
