2998 4692
634 368 673 432 31

98 559 210 644 praef.
232 555 283 622 ed.
295 577 344 642 pr.
365 555 521 620 docemur
541 551 598 636 (cf.
612 551 700 646 Keil.
716 554 819 638 praef.
832 574 864 639 p.
876 551 935 636 V),
960 551 1074 617 Valeri
1096 560 1205 617 autem
1284 541 1288 547 ’

98 666 207 732 Probi
229 665 328 730 libros
353 672 428 728 tunc
451 661 642 750 superstites
664 661 764 726 fuisse
786 661 876 726 nullo
899 660 996 726 modo
1021 660 1101 724 mihi
1129 681 1203 747 pcr-

99 773 244 840 suadere
266 792 408 861 possum.
452 771 536 838 Cum
558 763 643 834 vero
661 769 766 834 codex
788 771 987 858 archetypus
1019 779 1096 856 post
1116 769 1204 834 deci·

70 897 75 906 '
99 905 196 948 mum
217 883 347 948 demum
371 880 535 946 sacculum
546 878 686 944 Bobium
708 878 897 965 pervenisse
917 879 1030 965 possit,
1052 879 1102 945 nil
1121 877 1205 943 certi

101 993 150 1058 de
170 992 238 1058 eius
259 989 470 1076 inscriptione
494 1011 537 1054 ex
559 988 708 1074 catalogo
730 987 956 1075 consequitur3
996 997 1028 1052 ct
1050 989 1204 1053 confiten-

58 1147 60 1152 .
101 1099 184 1164 dum
208 1108 256 1163 est
278 1119 345 1165 uon
365 1095 491 1182 liquere
513 1095 641 1183 quando
662 1095 796 1160 nomina
807 1095 851 1161 M.
863 1093 979 1159 Valeri
994 1093 1204 1184 irrepserint3

99 1208 276 1296 irrepsisse
297 1215 406 1272 autem
429 1215 552 1270 certum
578 1213 637 1289 est,
670 1203 733 1269 nisi
763 1204 834 1291 quis
869 1205 954 1268 forte
977 1203 1138 1270 iuniorem
1158 1205 1203 1272 Μ.

100 1316 277 1382 Valerium
288 1317 433 1381 Probum
452 1314 523 1400 ipse
542 1314 601 1379 sibi
620 1315 748 1400 fingere
770 1313 859 1377 velit.
889 1309 959 1378 Sed
981 1334 1049 1377 non
1069 1313 1113 1378 ita
1135 1335 1205 1378 cer·

100 1435 177 1489 tum
206 1432 266 1507 est,
296 1422 396 1516 Probi
428 1444 556 1510 quoque
583 1445 702 1488 nomen
734 1445 805 1488 esse
835 1422 1087 1513 supposititium.
1135 1423 1204 1489 Nos

103 1531 241 1620 quidem
263 1555 362 1596 unum
384 1515 511 1596 tantum
533 1532 601 1599 eius
625 1513 765 1597 nominis
795 1532 1043 1620 grammaticum
1072 1530 1127 1617 qui
1149 1531 1205 1596 ali·

104 1639 187 1727 quid
208 1640 376 1726 scripserit
396 1631 561 1705 novimus:
597 1639 689 1706 illum
711 1623 816 1726 quarti
837 1641 959 1706 saeculi
979 1640 1205 1727 artigraphum

104 1769 206 1834 supra
227 1749 292 1812 iam
314 1757 616 1831 commemoratum
642 1772 716 1814 nam
730 1749 853 1814 scholia
866 1749 901 1814 11
911 1739 1104 1815 Iuvenalem
1122 1769 1204 1834 quae

70 1911 79 1932 ,
106 1866 141 1921 ut
165 1881 184 1921 1
205 1856 313 1921 Probo
337 1857 477 1944 quodam
500 1858 620 1943 scripta
642 1857 705 1926 Ge.
724 1859 822 1923 Valla
844 1882 873 1923 1.
894 1857 975 1925 1486
999 1857 1112 1942 edidit,
1135 1857 1204 1923 edi-

105 1965 186 2031 toris
219 1987 331 2031 errore
352 1967 461 2031 Probo
491 1967 661 2052 adsignata
693 1989 764 2032 esse
795 1967 929 2034 Iahnius
965 1968 1013 2050 (in
1042 1968 1138 2054 proll.
1163 1967 1205 2032 ad
1307 1963 1309 1968 ’

106 2075 199 2140 Pers.
212 2097 243 2162 p.
253 2073 395 2157 CLVII)
407 2096 564 2163 perquam
575 2075 746 2161 probabile
757 2074 909 2156 reddidit,
922 2083 955 2139 et
966 2075 1054 2162 quod
1065 2077 1204 2142 Parrha·

106 2181 174 2247 sius
198 2183 334 2246 iunioris
357 2181 457 2248 Probi
478 2183 602 2248 scholia
620 2183 776 2248 Persiana
797 2205 832 2249 se
855 2183 978 2248 vidisse
1002 2183 1082 2248 dicit
1094 2185 1203 2267 (Iahn.

106 2291 198 2374 Lu),
221 2291 255 2355 id
278 2291 365 2356 omni
387 2292 624 2378 probabilitatis
647 2295 756 2380 specie
777 2304 874 2360 caret.
905 2294 1032 2360 Probos
1048 2294 1204 2383 quosdam

107 2399 220 2464 doctos
251 2400 301 2464 sui
320 2400 473 2487 aequales
495 2400 665 2466 Ennodius
693 2410 726 2466 et
754 2401 866 2489 Lupus
896 2403 994 2468 abbas
1026 2403 1204 2469 nominant.

106 2505 265 2592 Eligendi
292 2507 393 2593 igitur
423 2507 555 2596 copiam·
581 2509 683 2576 habes
714 2519 824 2576 utrum
845 2511 957 2576 Probo
987 2510 1083 2576 alicui
1111 2511 1205 2577 nobis

105 2616 221 2700 ignoto
251 2615 338 2699 (nam
362 2617 403 2682 de
424 2617 612 2706 artigrapho
635 2641 702 2684 non
725 2619 909 2706 cogitarim,
941 2619 1021 2684 licet
1043 2619 1110 2683 eius
1135 2621 1205 2684 fere

106 2723 205 2786 aetati
226 2723 345 2788 librum
367 2723 576 2791 tribuendum
598 2725 723 2813 putem)
750 2749 795 2792 an
821 2727 945 2792 homini
972 2727 1063 2793 cuius
1084 2749 1205 2793 nomen

108 2830 251 2912 evanuit,
272 2833 537 2898 commentarium
558 2832 744 2898 adscribere
766 2835 869 2900 malis.

194 2939 292 3003 Probi
317 2941 497 3029 artigraphi
519 2952 554 3006 ut
576 2942 707 3008 videtur
736 2943 867 3008 libellus
897 2943 939 3008 ad
963 2966 1023 3009 nos
1052 2942 1206 3031 pervenit

14 3126 17 3134 Ι
108 3046 146 3111 11
168 3046 238 3111 cod.
263 3047 355 3132 Bob,
375 3047 416 3112 de
440 3073 503 3137 quo
524 3073 555 3115 v.
576 3075 683 3140 supra,
706 3077 730 3118 s.
742 3053 829 3118 VIII
848 3053 903 3117 vel
926 3053 977 3118 IX
1008 3053 1069 3116 hac
1093 3050 1204 3117 inscri-

106 3155 239 3240 ptione:
263 3155 435 3238 ,Valerius
460 3157 587 3223 Probus
610 3160 650 3224 de
674 3161 824 3225 nomine“
856 3161 914 3244 (cf.
937 3160 1116 3226 Endlichcr
1137 3159 1158 3223 1.
1178 3183 1204 3224 1.

108 3261 225 3329 Osann
246 3263 346 3329 Beitr.
364 3288 395 3352 p.
408 3264 483 3347 259)
507 3275 538 3330 et
561 3266 707 3333 ciusdem
730 3268 922 3357 opusculum
951 3268 1108 3334 habemus
1137 3267 1204 3348 (ed.

105 3369 289 3436 Endlicher
310 3372 372 3440 l.c.
398 3394 430 3458 p.
443 3373 505 3438 446
518 3375 602 3462 sqq.)
627 3377 714 3462 quod
735 3377 770 3442 in
793 3400 852 3442 ms.
878 3401 902 3442 s.
915 3375 948 3440 X
965 3375 1204 3459 ,Differentiae

106 3479 210 3544 Probi
238 3478 382 3544 Valerii“
414 3480 533 3545 dicitur
562 3481 618 3564 (cf.
645 3481 759 3548 Osann
779 3484 802 3548 1.
823 3508 851 3548 1.
872 3507 904 3572 p.
919 3482 983 3548 254
1001 3485 1096 3568 sqq).
1152 3483 1203 3549 Ibi

106 3587 210 3652 Probi
241 3608 362 3653 nomen
396 3609 491 3652 causa
523 3589 630 3654 extitit
657 3599 693 3655 ut
717 3590 869 3656 Valerius
898 3591 1083 3658 adderetur.
1135 3590 1204 3658 Sed

107 3695 207 3760 etiam
229 3696 299 3761 sinc
319 3698 387 3762 ulla
408 3721 505 3763 causa
516 3698 630 3764 Valeri
642 3700 741 3766 Probi
763 3721 881 3766 nomen
902 3699 994 3766 libris
1011 3681 1204 3786 inscriptum

110 3861 298 3870 ——m

12 3995 13 4006 .
108 3958 203 4029 ginem
220 3978 276 4015 non
299 3963 439 4031 potuerim
456 3965 597 4038 indagare.
635 3965 723 4036 Quem
746 3969 838 4024 locum
864 3972 960 4024 utrum
984 3985 1079 4024 errore
1105 3967 1204 4026 ductus

107 4055 200 4110 Probo
220 4056 382 4112 attribuerit
399 4075 435 4114 an
448 4077 483 4114 ex
501 4063 596 4118 codice
614 4081 688 4119 nunc
706 4063 855 4134 deperdito
872 4063 998 4119 hauserit
1016 4064 1103 4131 (cuius
1119 4065 1205 4118 nemi·

105 4153 247 4206 nemtune
265 4152 399 4208 Italorum
416 4157 575 4214 meminisse
592 4161 749 4217 mirandum
759 4162 844 4232 foret)
863 4179 920 4216 non
931 4160 1059 4216 decerno.
1079 4160 1204 4218 Indolem

107 4244 220 4316 quidem
239 4252 423 4308 commentari
439 4254 530 4308 nostri
548 4254 595 4310 hio
612 4273 721 4329 quoque
738 4260 817 4315 locus
838 4258 955 4316 redolet.
