2998 4692
830 312 870 380 12

297 496 391 580 bitur,
422 505 477 564 aut
509 498 644 564 dissolvi
672 509 727 564 aut
762 499 876 564 saltem
904 499 1060 568 infirmari
1091 501 1222 590 poterit.
1266 501 1412 588 Vergili

294 605 382 672 enim
406 616 679 674 commentatores
700 631 774 673 cum
794 631 861 673 non
882 609 927 674 ita
945 631 1069 696 paucos
1091 619 1166 676 antc
1189 610 1317 676 eumde
1331 633 1410 697 quo

295 712 423 800 agimus
448 715 610 802 exstitisse
633 714 691 782 ille
711 715 828 802 prodat
850 715 931 804 ipse,
961 717 996 780 in
1027 716 1174 783 locorum
1200 718 1409 808 interpreta-

295 822 382 887 tione
414 821 608 906 ,quosdam“
643 841 740 908 saepe
772 822 959 908 significans
989 823 1106 907 quibus
1136 824 1193 889 alii
1224 815 1408 909 ,quidam“

295 938 503 1019 opponuntur
526 929 630 1010 (velut
652 931 693 996 ad
715 929 787 996 Ecl.
803 931 834 1015 3,
850 931 902 997 40.
922 931 952 1015 6,
973 931 1024 996 31.
1046 931 1173 1018 Georg.
1187 934 1215 1015 I,
1239 935 1287 998 19.
1307 933 1410 1018 297),

295 1060 397 1104 unum
419 1047 545 1103 tantum
567 1038 757 1104 nominatim
777 1040 912 1126 profert,
936 1039 1115 1106 Aemilium
1141 1041 1296 1128 Asprum.
1339 1041 1410 1110 De

297 1145 390 1212 cuius
419 1154 524 1211 aetate
553 1146 633 1212 certi
661 1146 792 1232 quidem
814 1147 860 1211 nil
889 1147 975 1212 effici
997 1157 1114 1235 potest,
1137 1158 1279 1214 attamen
1298 1150 1409 1218 valde

295 1255 445 1344 suspicor
466 1254 643 1322 recentiori
670 1254 810 1341 tempori
833 1255 1083 1321 adscribendum
1114 1277 1195 1324 esse.
1239 1257 1297 1323 Nil
1325 1259 1408 1342 qui·

295 1364 370 1430 dem
396 1385 440 1430 ex
459 1364 572 1453 paucis
595 1365 665 1430 eius
696 1386 778 1452 quae
801 1375 976 1454 supersunt
1002 1367 1194 1454 fragmentis
1224 1389 1408 1456 possumus

295 1473 511 1557 concludere,
553 1495 660 1558 neque
700 1474 876 1562 quidquam
912 1474 1069 1542 momenti
1105 1477 1313 1543 tribuendum
1344 1488 1407 1542 est

295 1581 423 1668 Bergki
445 1583 653 1648 coniecturae
676 1583 711 1666 (l.
735 1606 762 1650 c.
783 1606 816 1671 p.
839 1583 913 1671 125)
937 1584 992 1671 qui
1013 1607 1064 1672 ap.
1081 1583 1217 1653 Suidam
1238 1607 1268 1650 v.
1287 1583 1407 1668 Ἡρα-

294 1689 419 1772 κλείδης
439 1687 596 1762 Ποντικός
616 1693 754 1758 verbum
768 1686 908 1772 ”Anepor
927 1692 1017 1758 nulla
1037 1693 1166 1758 omnino
1189 1693 1230 1759 de
1251 1717 1347 1760 causa
1361 1697 1407 1763 in

290 1791 452 1880 ’Ἁσπερος
475 1800 622 1884 mutavit,
647 1822 743 1888 quem
765 1809 912 1866 nostrum
924 1800 1069 1888 Asprum
1090 1822 1161 1866 esse
1184 1802 1261 1866 etin
1274 1803 1406 1872 Olaudi

295 1906 501 1995 imperatoris
526 1917 666 1973 aetatem
687 1907 804 1974 referri
824 1909 902 1976 volt.
927 1908 1183 1976 Consideremus
1205 1911 1313 1999 potius
1333 1935 1403 1978 no-

296 2023 366 2080 tum
389 2016 483 2082 illum
503 2015 701 2104 Hieronymi
720 2018 828 2083 locum
852 2015 953 2106 (apol.
982 2018 1055 2084 adv.
1077 2019 1183 2086 Rufin.
1205 2021 1224 2085 Ι
1244 2030 1267 2084 t.
1290 2020 1351 2103 IV,
1382 2024 1403 2087 1

294 2146 329 2211 p.
350 2124 411 2191 367
435 2125 550 2212 Ben.):
574 2127 678 2210 ,Puto
701 2127 785 2210 quod
808 2147 891 2213 puer
911 2126 1032 2213 legeris
1044 2127 1145 2214 Aspri
1163 2127 1197 2192 in
1208 2127 1405 2213 Vergilium

296 2241 329 2298 et
353 2230 548 2300 Sallustium
569 2234 829 2318 commentarios,
850 2235 995 2300 Vulcatii
1019 2234 1053 2298 in
1075 2236 1238 2302 orationes
1260 2235 1405 2304 Cicero-

295 2341 364 2425 nis,
396 2342 558 2408 Victorini
584 2342 619 2408 in
641 2343 790 2430 dialogos
812 2343 882 2408 eius
911 2352 944 2408 et
964 2343 1000 2408 in
1025 2343 1172 2410 Terentii
1197 2344 1405 2431 comoedias,

294 2451 518 2541 praeceptoris
538 2451 602 2516 mei
623 2452 745 2518 Donati
767 2473 869 2537 aeque
890 2452 926 2517 in
937 2452 1125 2538 Vergilium
1147 2461 1179 2516 et
1199 2453 1335 2518 aliorum
1355 2454 1403 2520 in

295 2560 388 2646 alios,
424 2560 578 2626 Plautum
611 2559 776 2642 videlicet,
811 2560 1011 2642 Lucretium,
1049 2559 1216 2644 Flaccum,
1244 2561 1404 2628 Persium

295 2679 392 2756 atque
404 2669 600 2736 Lucanum.“
637 2671 799 2752 Quattuor
813 2667 868 2756 qui
890 2666 943 2734 hic
960 2669 1165 2735 nominantur
1178 2668 1405 2757 interpretum

296 2779 371 2864 duo,
394 2779 582 2844 Victorinus
605 2779 807 2861 etDonatus,
827 2776 1024 2862 Hieronymi
1039 2779 1108 2841 fere
1120 2778 1272 2860 aequales
1287 2788 1401 2861 erant,

294 2888 464 2955 Vulcatius
486 2887 616 2953 aliunde
639 2910 705 2952 non
723 2895 819 2952 notus
841 2892 891 2948 est
910 2883 973 2950 nisi
994 2884 1140 2970 quodex
1153 2886 1397 2972 Hieronllpp.

296 2998 346 3081 70,
368 2999 404 3064 2:
440 2997 635 3084 ,Nunquam
663 2995 726 3060 hoc
760 3013 944 3081 quaereres,
976 2991 1040 3060 nisi
1071 3002 1103 3060 te
1130 3003 1235 3060 totum
1264 2993 1401 3062 Tullius

294 3105 495 3198 possideret3
533 3105 561 3170 si
594 3105 771 3192 scripturas
805 3111 930 3169 sanctas
962 3103 1103 3190 legeres,
1140 3103 1167 3168 si
1197 3103 1401 3190 interpretes

295 3237 409 3284 eorum
431 3215 550 3281 omisso
569 3213 721 3279 Vulcatio
745 3207 934 3279 evolveres“
958 3221 1035 3278 tunc
1055 3211 1211 3300 temporis
1233 3234 1307 3276 cum
1328 3235 1400 3277 ma-

294 3325 385 3392 xime
405 3325 441 3390 in
463 3349 525 3390 usu
548 3324 648 3390 fuisse
667 3321 880 3411 intellegitur.
924 3319 962 3388 Si
993 3329 1100 3387 autem
1128 3342 1257 3386 omnem
1289 3323 1400 3406 quarti

294 3459 327 3525 p.
351 3434 430 3504 Ohr.
453 3433 575 3499 saeculi
598 3441 715 3498 statum
738 3442 771 3498 et
801 3430 1027 3498 condicionem
1048 3429 1291 3517 perpendimus,
1314 3451 1399 3495 num

295 3542 472 3612 verisimile
502 3551 552 3608 est
574 3540 824 3608 commentarios
849 3540 946 3627 primi
970 3540 1090 3606 saeculi
1120 3548 1198 3603 tunc
1219 3538 1397 3622 lectitatos,
1490 3603 1491 3624 ,

297 3653 375 3739 quin
408 3651 505 3717 etiam
535 3650 621 3735 quod
647 3649 870 3734 Hieronymus
903 3657 1015 3734 aperte
1045 3646 1132 3729 dicit,
1160 3645 1195 3708 in
1225 3645 1346 3712 scholis
1373 3669 1397 3712 a

296 3760 407 3850 pueris
428 3759 591 3825 lectitatos
616 3757 714 3823 esse?
737 3755 814 3821 Non
836 3758 1002 3843 profect03
1025 3753 1237 3839 quamobrem
1259 3763 1291 3818 et
1311 3755 1395 3820 Vul-

298 3869 416 3936 catium
436 3876 469 3934 et
489 3868 634 3955 Asprum
656 3865 758 3930 multo
783 3863 1018 3928 recentioribus
1044 3861 1243 3948 temporibus
1272 3862 1395 3928 adscri-

297 3979 424 4048 bendos
447 3999 518 4043 esse
541 3975 661 4066 putc¹).
702 3973 774 4040 Iam
802 3993 880 4038 vcro
909 3992 983 4036 cum
1013 3968 1048 4034 in
1079 3971 1308 4035 commentario
1337 3972 1393 4058 qui

372 4223 402 4290 1),
419 4219 524 4276 Rursus
547 4223 641 4275 autem
666 4236 701 4274 ne
723 4218 806 4274 nimis
832 4235 894 4274 sero
916 4221 1042 4288 tempore
1070 4233 1133 4272 eum
1155 4214 1257 4272 vixisse
1283 4213 1391 4281 credas,
