<?xml version="1.0" encoding="UTF-8"?>
<!DOCTYPE html PUBLIC "-//W3C//DTD XHTML 1.0 Transitional//EN"
    "http://www.w3.org/TR/xhtml1/DTD/xhtml1-transitional.dtd">
<html xmlns="http://www.w3.org/1999/xhtml" xml:lang="en" lang="en">
 <head>
  <title>
</title>
<meta http-equiv="Content-Type" content="text/html;charset=utf-8" />
  <meta name='ocr-system' content='tesseract 3.04.00' />
  <meta name='ocr-capabilities' content='ocr_page ocr_carea ocr_par ocr_line ocrx_word'/>
</head>
<body>
  <div class='ocr_page' id='page_1' title='image "./decommentariove00riesgoog_0026.png"; bbox 0 0 2998 4692; ppageno 0'>
   <div class='ocr_carea' id='block_1_1' title="bbox 640 360 679 425">
    <p class='ocr_par' dir='ltr' id='par_1_1' title="bbox 640 360 679 425">
     <span class='ocr_line' id='line_1_1' title="bbox 640 360 679 425; baseline 0 0"><span class='ocrx_word' id='word_1_1' title='bbox 640 360 679 425; x_wconf 80' lang='lat'><strong>19</strong></span> 
     </span>
    </p>
   </div>
   <div class='ocr_carea' id='block_1_2' title="bbox 98 537 1315 3890">
    <p class='ocr_par' dir='ltr' id='par_1_2' title="bbox 98 537 1207 1291">
     <span class='ocr_line' id='line_1_2' title="bbox 98 537 1203 632; baseline -0.013 -14"><span class='ocrx_word' id='word_1_2' title='bbox 98 553 195 618; x_wconf 82' lang='lat' dir='ltr'><strong>bant.</strong></span> <span class='ocrx_word' id='word_1_3' title='bbox 239 548 437 617; x_wconf 79' lang='lat' dir='ltr'><strong>Consideres</strong></span> <span class='ocrx_word' id='word_1_4' title='bbox 459 565 577 632; x_wconf 79' lang='lat' dir='ltr'><strong>quaeso</strong></span> <span class='ocrx_word' id='word_1_5' title='bbox 598 541 740 631; x_wconf 91' lang='lat' dir='ltr'><strong>primum</strong></span> <span class='ocrx_word' id='word_1_6' title='bbox 760 560 842 626; x_wconf 87' lang='lat' dir='ltr'><strong>qnae</strong></span> <span class='ocrx_word' id='word_1_7' title='bbox 865 538 907 605; x_wconf 87' lang='lat' dir='ltr'><strong>ad</strong></span> <span class='ocrx_word' id='word_1_8' title='bbox 928 537 1054 626; x_wconf 83' lang='lat' dir='ltr'><strong>Georg.</strong></span> <span class='ocrx_word' id='word_1_9' title='bbox 1074 537 1120 623; x_wconf 79' lang='grc' dir='ltr'><strong>Π,</strong></span> <span class='ocrx_word' id='word_1_10' title='bbox 1144 538 1203 604; x_wconf 80' lang='grc'><strong>197</strong></span> 
     </span>
     <span class='ocr_line' id='line_1_3' title="bbox 98 659 768 746; baseline -0.012 -22"><span class='ocrx_word' id='word_1_11' title='bbox 98 659 267 746; x_wconf 87' lang='lat' dir='ltr'><strong>legimus:</strong></span> <span class='ocrx_word' id='word_1_12' title='bbox 762 707 768 716; x_wconf 94' lang='lat'>.</span> 
     </span>
     <span class='ocr_line' id='line_1_4' title="bbox 275 756 1039 849; baseline -0.013 -19"><span class='ocrx_word' id='word_1_13' title='bbox 275 757 375 830; x_wconf 82' lang='lat' dir='ltr'><strong>saltus</strong></span> <span class='ocrx_word' id='word_1_14' title='bbox 395 769 427 828; x_wconf 88' lang='lat' dir='ltr'><strong>et</strong></span> <span class='ocrx_word' id='word_1_15' title='bbox 451 761 551 828; x_wconf 88' lang='lat' dir='ltr'><strong>saturi</strong></span> <span class='ocrx_word' id='word_1_16' title='bbox 569 759 672 849; x_wconf 89' lang='lat' dir='ltr'><strong>petito</strong></span> <span class='ocrx_word' id='word_1_17' title='bbox 693 756 875 844; x_wconf 85' lang='lat' dir='ltr'><strong>longinqua</strong></span> <span class='ocrx_word' id='word_1_18' title='bbox 895 756 1039 822; x_wconf 83' lang='lat' dir='ltr'>Tarenti.</span> 
     </span>
     <span class='ocr_line' id='line_1_5' title="bbox 104 865 1207 963; baseline -0.014 -19"><span class='ocrx_word' id='word_1_19' title='bbox 104 877 357 963; x_wconf 80' lang='lat' dir='ltr'><strong>,Tarentum-</strong></span> <span class='ocrx_word' id='word_1_20' title='bbox 369 870 585 937; x_wconf 86' lang='lat' dir='ltr'><strong>condiderunt</strong></span> <span class='ocrx_word' id='word_1_21' title='bbox 600 905 644 920; x_wconf 85' lang='lat'><strong>-</strong></span> <span class='ocrx_word' id='word_1_22' title='bbox 663 868 777 934; x_wconf 78' lang='lat' dir='ltr'><strong>exules</strong></span> <span class='ocrx_word' id='word_1_23' title='bbox 798 865 1140 933; x_wconf 78' lang='lat' dir='ltr'><strong>Lacedaemoniorum.</strong></span> <span class='ocrx_word' id='word_1_24' title='bbox 1163 901 1207 914; x_wconf 87' lang='lat'>-</span> 
     </span>
     <span class='ocr_line' id='line_1_6' title="bbox 101 975 1206 1062; baseline -0.009 -11"><span class='ocrx_word' id='word_1_25' title='bbox 101 986 147 1051; x_wconf 92' lang='lat' dir='ltr'><strong>In</strong></span> <span class='ocrx_word' id='word_1_26' title='bbox 171 985 289 1051; x_wconf 87' lang='lat' dir='ltr'><strong>finibus</strong></span> <span class='ocrx_word' id='word_1_27' title='bbox 311 992 420 1049; x_wconf 90' lang='lat' dir='ltr'><strong>autem</strong></span> <span class='ocrx_word' id='word_1_28' title='bbox 444 980 697 1046; x_wconf 87' lang='lat' dir='ltr'><strong>Tarentinorum</strong></span> <span class='ocrx_word' id='word_1_29' title='bbox 721 986 771 1043; x_wconf 90' lang='lat' dir='ltr'><strong>est</strong></span> <span class='ocrx_word' id='word_1_30' title='bbox 798 979 892 1043; x_wconf 82' lang='lat' dir='ltr'><strong>locus</strong></span> <span class='ocrx_word' id='word_1_31' title='bbox 920 997 1017 1062; x_wconf 87' lang='lat' dir='ltr'><strong>quem</strong></span> <span class='ocrx_word' id='word_1_32' title='bbox 1038 975 1206 1043; x_wconf 84' lang='lat' dir='ltr'><strong>Saturium</strong></span> 
     </span>
     <span class='ocr_line' id='line_1_7' title="bbox 102 1085 1205 1178; baseline -0.008 -20"><span class='ocrx_word' id='word_1_33' title='bbox 102 1102 235 1178; x_wconf 82' lang='lat' dir='ltr'><strong>vocant,</strong></span> <span class='ocrx_word' id='word_1_34' title='bbox 256 1091 345 1157; x_wconf 87' lang='lat' dir='ltr'><strong>unde</strong></span> <span class='ocrx_word' id='word_1_35' title='bbox 367 1090 464 1156; x_wconf 90' lang='lat' dir='ltr'><strong>etiam</strong></span> <span class='ocrx_word' id='word_1_36' title='bbox 486 1088 640 1177; x_wconf 78' lang='lat' dir='ltr'><strong>paludem</strong></span> <span class='ocrx_word' id='word_1_37' title='bbox 661 1088 822 1172; x_wconf 80' lang='lat' dir='ltr'><strong>Saturam,</strong></span> <span class='ocrx_word' id='word_1_38' title='bbox 853 1087 945 1152; x_wconf 88' lang='lat' dir='ltr'><strong>ouius</strong></span> <span class='ocrx_word' id='word_1_39' title='bbox 974 1087 1073 1152; x_wconf 86' lang='lat' dir='ltr'><strong>etiam</strong></span> <span class='ocrx_word' id='word_1_40' title='bbox 1100 1085 1135 1151; x_wconf 94' lang='lat' dir='ltr'><strong>in</strong></span> <span class='ocrx_word' id='word_1_41' title='bbox 1157 1107 1205 1150; x_wconf 89' lang='lat' dir='ltr'><strong>se-</strong></span> 
     </span>
     <span class='ocr_line' id='line_1_8' title="bbox 103 1193 1110 1291; baseline -0.006 -25"><span class='ocrx_word' id='word_1_42' title='bbox 103 1202 210 1291; x_wconf 86' lang='lat' dir='ltr'><strong>ptimo</strong></span> <span class='ocrx_word' id='word_1_43' title='bbox 234 1199 334 1285; x_wconf 84' lang='lat' dir='ltr'><strong>(Aen.</strong></span> <span class='ocrx_word' id='word_1_44' title='bbox 355 1198 427 1265; x_wconf 88' lang='lat' dir='ltr'><strong>VII</strong></span> <span class='ocrx_word' id='word_1_45' title='bbox 446 1196 521 1282; x_wconf 82' lang='lat'>801)</span> <span class='ocrx_word' id='word_1_46' title='bbox 544 1196 666 1264; x_wconf 86' lang='lat' dir='ltr'><strong>mentio</strong></span> <span class='ocrx_word' id='word_1_47' title='bbox 692 1203 742 1262; x_wconf 88' lang='lat' dir='ltr'><strong>cst</strong></span> <span class='ocrx_word' id='word_1_48' title='bbox 764 1215 839 1260; x_wconf 88' lang='lat' dir='ltr'><strong>cum</strong></span> <span class='ocrx_word' id='word_1_49' title='bbox 859 1194 904 1260; x_wconf 89' lang='lat' dir='ltr'><strong>ait</strong></span> <span class='ocrx_word' id='word_1_50' title='bbox 924 1193 1110 1282; x_wconf 86' lang='lat' dir='ltr'><strong>Vergilius:</strong></span> 
     </span>
    </p>

    <p class='ocr_par' dir='ltr' id='par_1_3' title="bbox 209 1302 1155 1393">
     <span class='ocr_line' id='line_1_9' title="bbox 209 1302 1155 1393; baseline -0.004 -21"><span class='ocrx_word' id='word_1_51' title='bbox 209 1307 282 1390; x_wconf 87' lang='lat' dir='ltr'><strong>Qua</strong></span> <span class='ocrx_word' id='word_1_52' title='bbox 302 1304 441 1374; x_wconf 77' lang='lat' dir='ltr'><strong>Satanae</strong></span> <span class='ocrx_word' id='word_1_53' title='bbox 462 1306 549 1371; x_wconf 88' lang='lat' dir='ltr'><strong>iacet</strong></span> <span class='ocrx_word' id='word_1_54' title='bbox 570 1315 639 1370; x_wconf 89' lang='lat' dir='ltr'><strong>atra</strong></span> <span class='ocrx_word' id='word_1_55' title='bbox 659 1305 753 1393; x_wconf 88' lang='lat' dir='ltr'><strong>palus</strong></span> <span class='ocrx_word' id='word_1_56' title='bbox 774 1302 969 1390; x_wconf 89' lang='lat' dir='ltr'><strong>gelidusque</strong></span> <span class='ocrx_word' id='word_1_57' title='bbox 991 1325 1052 1391; x_wconf 88' lang='lat' dir='ltr'><strong>per</strong></span> <span class='ocrx_word' id='word_1_58' title='bbox 1073 1304 1155 1369; x_wconf 88' lang='lat' dir='ltr'><strong>imas</strong></span> 
     </span>
    </p>

    <p class='ocr_par' dir='ltr' id='par_1_4' title="bbox 107 1410 1315 3890">
     <span class='ocr_line' id='line_1_10' title="bbox 213 1410 1134 1504; baseline -0.004 -24"><span class='ocrx_word' id='word_1_59' title='bbox 213 1415 339 1504; x_wconf 87' lang='lat' dir='ltr'><strong>quaerit</strong></span> <span class='ocrx_word' id='word_1_60' title='bbox 358 1414 423 1479; x_wconf 90' lang='lat' dir='ltr'><strong>iter</strong></span> <span class='ocrx_word' id='word_1_61' title='bbox 442 1413 537 1479; x_wconf 84' lang='lat' dir='ltr'><strong>vallis</strong></span> <span class='ocrx_word' id='word_1_62' title='bbox 561 1423 659 1503; x_wconf 88' lang='lat' dir='ltr'><strong>atque</strong></span> <span class='ocrx_word' id='word_1_63' title='bbox 679 1413 714 1478; x_wconf 92' lang='lat' dir='ltr'><strong>in</strong></span> <span class='ocrx_word' id='word_1_64' title='bbox 734 1432 824 1478; x_wconf 87' lang='lat' dir='ltr'><strong>mare</strong></span> <span class='ocrx_word' id='word_1_65' title='bbox 847 1410 999 1477; x_wconf 86' lang='lat' dir='ltr'><strong>conditur</strong></span> <span class='ocrx_word' id='word_1_66' title='bbox 1018 1411 1134 1476; x_wconf 80' lang='lat' dir='ltr'><strong>erns.</strong></span> 
     </span>
     <span class='ocr_line' id='line_1_11' title="bbox 107 1519 1207 1610; baseline -0.009 -14"><span class='ocrx_word' id='word_1_67' title='bbox 107 1526 221 1597; x_wconf 82' lang='lat' dir='ltr'><strong>Saturi</strong></span> <span class='ocrx_word' id='word_1_68' title='bbox 243 1546 323 1610; x_wconf 87' lang='lat' dir='ltr'><strong>ergo</strong></span> <span class='ocrx_word' id='word_1_69' title='bbox 346 1524 482 1590; x_wconf 77' lang='lat' dir='ltr'><strong>Tarenti</strong></span> <span class='ocrx_word' id='word_1_70' title='bbox 508 1548 528 1588; x_wconf 90' lang='lat' dir='ltr'><strong>a</strong></span> <span class='ocrx_word' id='word_1_71' title='bbox 551 1519 685 1592; x_wconf 71' lang='lat' dir='ltr'><strong>¹Saturio</strong></span> <span class='ocrx_word' id='word_1_72' title='bbox 714 1523 787 1588; x_wconf 89' lang='lat' dir='ltr'><strong>loeo</strong></span> <span class='ocrx_word' id='word_1_73' title='bbox 813 1521 870 1586; x_wconf 87' lang='lat' dir='ltr'><strong>vel</strong></span> <span class='ocrx_word' id='word_1_74' title='bbox 900 1520 1059 1589; x_wconf 84' lang='lat' dir='ltr'><strong>aSatura</strong></span> <span class='ocrx_word' id='word_1_75' title='bbox 1086 1519 1207 1607; x_wconf 91' lang='lat' dir='ltr'><strong>palude</strong></span> 
     </span>
     <span class='ocr_line' id='line_1_12' title="bbox 107 1628 1206 1716; baseline -0.006 -16"><span class='ocrx_word' id='word_1_76' title='bbox 107 1633 203 1700; x_wconf 79' lang='lat' dir='ltr'><strong>dixit.</strong></span> <span class='ocrx_word' id='word_1_77' title='bbox 249 1631 388 1711; x_wconf 76' lang='lat' dir='ltr'><strong>Quidam</strong></span> <span class='ocrx_word' id='word_1_78' title='bbox 409 1631 533 1715; x_wconf 88' lang='lat' dir='ltr'><strong>dicunt,</strong></span> <span class='ocrx_word' id='word_1_79' title='bbox 554 1653 627 1695; x_wconf 90' lang='lat' dir='ltr'><strong>cum</strong></span> <span class='ocrx_word' id='word_1_80' title='bbox 649 1631 690 1696; x_wconf 94' lang='lat' dir='ltr'><strong>ob</strong></span> <span class='ocrx_word' id='word_1_81' title='bbox 712 1630 785 1716; x_wconf 90' lang='lat' dir='ltr'><strong>agri</strong></span> <span class='ocrx_word' id='word_1_82' title='bbox 806 1628 985 1695; x_wconf 86' lang='lat' dir='ltr'><strong>bonitatem</strong></span> <span class='ocrx_word' id='word_1_83' title='bbox 1005 1638 1074 1693; x_wconf 91' lang='lat' dir='ltr'><strong>tum</strong></span> <span class='ocrx_word' id='word_1_84' title='bbox 1095 1652 1115 1694; x_wconf 83' lang='lat' dir='ltr'><strong>a</strong></span> <span class='ocrx_word' id='word_1_85' title='bbox 1134 1629 1206 1693; x_wconf 89' lang='lat' dir='ltr'><strong>loco</strong></span> 
     </span>
     <span class='ocr_line' id='line_1_13' title="bbox 107 1735 1209 1830; baseline -0.005 -22"><span class='ocrx_word' id='word_1_86' title='bbox 107 1741 252 1830; x_wconf 90' lang='lat' dir='ltr'><strong>quodam</strong></span> <span class='ocrx_word' id='word_1_87' title='bbox 278 1739 397 1809; x_wconf 81' lang='lat' dir='ltr'><strong>Satura</strong></span> <span class='ocrx_word' id='word_1_88' title='bbox 421 1740 474 1825; x_wconf 87' lang='lat' dir='ltr'><strong>qui</strong></span> <span class='ocrx_word' id='word_1_89' title='bbox 499 1749 548 1805; x_wconf 84' lang='lat' dir='ltr'><strong>est</strong></span> <span class='ocrx_word' id='word_1_90' title='bbox 571 1760 674 1827; x_wconf 86' lang='lat' dir='ltr'><strong>prope</strong></span> <span class='ocrx_word' id='word_1_91' title='bbox 705 1739 885 1804; x_wconf 79' lang='lat' dir='ltr'><strong>Tarentum</strong></span> <span class='ocrx_word' id='word_1_92' title='bbox 909 1735 1065 1803; x_wconf 87' lang='lat' dir='ltr'><strong>Saturum</strong></span> <span class='ocrx_word' id='word_1_93' title='bbox 1087 1757 1209 1822; x_wconf 88' lang='lat' dir='ltr'><strong>cogno·</strong></span> 
     </span>
     <span class='ocr_line' id='line_1_14' title="bbox 107 1839 1208 1932; baseline -0.006 -16"><span class='ocrx_word' id='word_1_94' title='bbox 107 1839 299 1916; x_wconf 80' lang='lat' dir='ltr'><strong>minatum.“</strong></span> <span class='ocrx_word' id='word_1_95' title='bbox 354 1847 500 1913; x_wconf 89' lang='lat' dir='ltr'><strong>Primum</strong></span> <span class='ocrx_word' id='word_1_96' title='bbox 537 1845 620 1910; x_wconf 92' lang='lat' dir='ltr'><strong>illud</strong></span> <span class='ocrx_word' id='word_1_97' title='bbox 656 1867 734 1911; x_wconf 82' lang='lat' dir='ltr'><strong>vere</strong></span> <span class='ocrx_word' id='word_1_98' title='bbox 769 1844 971 1911; x_wconf 80' lang='lat' dir='ltr'><strong>miserandae</strong></span> <span class='ocrx_word' id='word_1_99' title='bbox 1003 1843 1208 1932; x_wconf 88' lang='lat' dir='ltr'><strong>ignorantiae</strong></span> 
     </span>
     <span class='ocr_line' id='line_1_15' title="bbox 107 1953 1209 2044; baseline -0.005 -21"><span class='ocrx_word' id='word_1_100' title='bbox 107 1957 335 2023; x_wconf 89' lang='lat' dir='ltr'><strong>testimonium</strong></span> <span class='ocrx_word' id='word_1_101' title='bbox 358 1955 445 2044; x_wconf 90' lang='lat' dir='ltr'><strong>quod</strong></span> <span class='ocrx_word' id='word_1_102' title='bbox 468 1955 587 2022; x_wconf 86' lang='lat' dir='ltr'><strong>Satura</strong></span> <span class='ocrx_word' id='word_1_103' title='bbox 604 1955 698 2041; x_wconf 90' lang='lat' dir='ltr'><strong>palus</strong></span> <span class='ocrx_word' id='word_1_104' title='bbox 720 1977 816 2041; x_wconf 89' lang='lat' dir='ltr'><strong>quam</strong></span> <span class='ocrx_word' id='word_1_105' title='bbox 838 1954 872 2019; x_wconf 91' lang='lat' dir='ltr'><strong>in</strong></span> <span class='ocrx_word' id='word_1_106' title='bbox 893 1953 987 2022; x_wconf 83' lang='lat' dir='ltr'><strong>Latio</strong></span> <span class='ocrx_word' id='word_1_107' title='bbox 1010 1954 1104 2020; x_wconf 89' lang='lat' dir='ltr'><strong>sitam</strong></span> <span class='ocrx_word' id='word_1_108' title='bbox 1126 1955 1209 2019; x_wconf 87' lang='lat' dir='ltr'><strong>Ver·</strong></span> 
     </span>
     <span class='ocr_line' id='line_1_16' title="bbox 108 2057 1208 2151; baseline -0.003 -22"><span class='ocrx_word' id='word_1_109' title='bbox 108 2065 211 2151; x_wconf 87' lang='lat' dir='ltr'><strong>gilius</strong></span> <span class='ocrx_word' id='word_1_110' title='bbox 242 2057 393 2148; x_wconf 80' lang='lat' dir='ltr'><strong>ostendit,</strong></span> <span class='ocrx_word' id='word_1_111' title='bbox 426 2084 500 2128; x_wconf 89' lang='lat' dir='ltr'><strong>oum</strong></span> <span class='ocrx_word' id='word_1_112' title='bbox 522 2058 652 2138; x_wconf 70' lang='lat' dir='ltr'><strong>Saturio</strong></span> <span class='ocrx_word' id='word_1_113' title='bbox 677 2062 751 2126; x_wconf 90' lang='lat' dir='ltr'><strong>loco</strong></span> <span class='ocrx_word' id='word_1_114' title='bbox 781 2061 959 2127; x_wconf 86' lang='lat' dir='ltr'><strong>Tarentino</strong></span> <span class='ocrx_word' id='word_1_115' title='bbox 988 2062 1208 2150; x_wconf 87' lang='lat' dir='ltr'><strong>coniungitur,</strong></span> 
     </span>
     <span class='ocr_line' id='line_1_17' title="bbox 110 2169 1208 2259; baseline -0.004 -21"><span class='ocrx_word' id='word_1_116' title='bbox 110 2172 376 2238; x_wconf 88' lang='lat' dir='ltr'><strong>commentatoris</strong></span> <span class='ocrx_word' id='word_1_117' title='bbox 403 2169 507 2236; x_wconf 79' lang='lat' dir='ltr'><strong>nostri</strong></span> <span class='ocrx_word' id='word_1_118' title='bbox 538 2169 708 2236; x_wconf 90' lang='lat' dir='ltr'><strong>commodo</strong></span> <span class='ocrx_word' id='word_1_119' title='bbox 733 2170 763 2236; x_wconf 91' lang='lat' dir='ltr'><strong>ei</strong></span> <span class='ocrx_word' id='word_1_120' title='bbox 785 2172 915 2239; x_wconf 84' lang='lat' dir='ltr'><strong>auferre</strong></span> <span class='ocrx_word' id='word_1_121' title='bbox 947 2177 979 2234; x_wconf 90' lang='lat' dir='ltr'><strong>et</strong></span> <span class='ocrx_word' id='word_1_122' title='bbox 1004 2169 1208 2259; x_wconf 86' lang='lat' dir='ltr'><strong>ineptissimo</strong></span> 
     </span>
     <span class='ocr_line' id='line_1_18' title="bbox 110 2276 1209 2370; baseline 0 -23"><span class='ocrx_word' id='word_1_123' title='bbox 110 2280 339 2370; x_wconf 87' lang='lat' dir='ltr'><strong>interpolatori</strong></span> <span class='ocrx_word' id='word_1_124' title='bbox 362 2279 540 2345; x_wconf 85' lang='lat' dir='ltr'><strong>attribuere</strong></span> <span class='ocrx_word' id='word_1_125' title='bbox 560 2280 672 2345; x_wconf 90' lang='lat' dir='ltr'><strong>malim</strong></span> <span class='ocrx_word' id='word_1_126' title='bbox 691 2276 735 2344; x_wconf 90' lang='lat' dir='ltr'><strong>ita</strong></span> <span class='ocrx_word' id='word_1_127' title='bbox 747 2287 784 2342; x_wconf 93' lang='grc' dir='ltr'><strong>ιιι</strong></span> <span class='ocrx_word' id='word_1_128' title='bbox 799 2278 969 2344; x_wconf 89' lang='lat' dir='ltr'><strong>deleantur</strong></span> <span class='ocrx_word' id='word_1_129' title='bbox 979 2281 1080 2344; x_wconf 81' lang='lat' dir='ltr'><strong>verba</strong></span> <span class='ocrx_word' id='word_1_130' title='bbox 1103 2280 1209 2363; x_wconf 89' lang='lat' dir='ltr'><strong>,unde</strong></span> 
     </span>
     <span class='ocr_line' id='line_1_19' title="bbox 109 2386 1209 2478; baseline -0.003 -21"><span class='ocrx_word' id='word_1_131' title='bbox 109 2390 209 2457; x_wconf 86' lang='lat' dir='ltr'><strong>etiam</strong></span> <span class='ocrx_word' id='word_1_132' title='bbox 245 2389 399 2478; x_wconf 88' lang='lat' dir='ltr'><strong>paludem</strong></span> <span class='ocrx_word' id='word_1_133' title='bbox 435 2425 475 2438; x_wconf 88' lang='lat'><em>-</em></span> <span class='ocrx_word' id='word_1_134' title='bbox 506 2413 527 2454; x_wconf 83' lang='lat' dir='ltr'><strong>a</strong></span> <span class='ocrx_word' id='word_1_135' title='bbox 559 2387 676 2458; x_wconf 81' lang='lat' dir='ltr'><strong>Satura</strong></span> <span class='ocrx_word' id='word_1_136' title='bbox 708 2387 828 2474; x_wconf 89' lang='lat' dir='ltr'><strong>palude</strong></span> <span class='ocrx_word' id='word_1_137' title='bbox 860 2386 974 2454; x_wconf 56' lang='lat' dir='ltr'><strong>dixit!</strong></span> <span class='ocrx_word' id='word_1_138' title='bbox 1030 2389 1100 2454; x_wconf 90' lang='lat' dir='ltr'><strong>Iam</strong></span> <span class='ocrx_word' id='word_1_139' title='bbox 1130 2409 1209 2454; x_wconf 82' lang='lat' dir='ltr'><strong>vero</strong></span> 
     </span>
     <span class='ocr_line' id='line_1_20' title="bbox 116 2495 1210 2585; baseline -0.004 -19"><span class='ocrx_word' id='word_1_140' title='bbox 116 2497 317 2566; x_wconf 79' lang='lat' dir='ltr'><strong>concedatur</strong></span> <span class='ocrx_word' id='word_1_141' title='bbox 336 2507 374 2563; x_wconf 90' lang='lat' dir='ltr'><strong>ut</strong></span> <span class='ocrx_word' id='word_1_142' title='bbox 395 2495 562 2566; x_wconf 82' lang='lat' dir='ltr'><strong>Saturium</strong></span> <span class='ocrx_word' id='word_1_143' title='bbox 582 2496 665 2562; x_wconf 85' lang='lat' dir='ltr'><strong>illud</strong></span> <span class='ocrx_word' id='word_1_144' title='bbox 685 2519 722 2562; x_wconf 89' lang='lat' dir='ltr'><strong>re</strong></span> <span class='ocrx_word' id='word_1_145' title='bbox 742 2517 821 2562; x_wconf 84' lang='lat' dir='ltr'><strong>vera</strong></span> <span class='ocrx_word' id='word_1_146' title='bbox 844 2496 941 2562; x_wconf 88' lang='lat' dir='ltr'><strong>situm</strong></span> <span class='ocrx_word' id='word_1_147' title='bbox 963 2497 1005 2563; x_wconf 87' lang='lat' dir='ltr'><strong>sit</strong></span> <span class='ocrx_word' id='word_1_148' title='bbox 1026 2518 1130 2585; x_wconf 89' lang='lat' dir='ltr'><strong>prope</strong></span> <span class='ocrx_word' id='word_1_149' title='bbox 1150 2496 1210 2562; x_wconf 72' lang='lat' dir='ltr'><strong>Ta»</strong></span> 
     </span>
     <span class='ocr_line' id='line_1_21' title="bbox 109 2604 1315 2695; baseline -0.003 -22"><span class='ocrx_word' id='word_1_150' title='bbox 109 2615 241 2674; x_wconf 84' lang='lat' dir='ltr'><strong>rentum</strong></span> <span class='ocrx_word' id='word_1_151' title='bbox 273 2627 380 2695; x_wconf 85' lang='lat' dir='ltr'><strong>neque</strong></span> <span class='ocrx_word' id='word_1_152' title='bbox 421 2606 710 2692; x_wconf 86' lang='lat' dir='ltr'><strong>grammaticorum</strong></span> <span class='ocrx_word' id='word_1_153' title='bbox 743 2614 870 2671; x_wconf 90' lang='lat' dir='ltr'><strong>tantum</strong></span> <span class='ocrx_word' id='word_1_154' title='bbox 899 2605 997 2692; x_wconf 86' lang='lat' dir='ltr'><strong>nugis</strong></span> <span class='ocrx_word' id='word_1_155' title='bbox 1029 2604 1210 2670; x_wconf 88' lang='lat' dir='ltr'><strong>artificiosis</strong></span> <span class='ocrx_word' id='word_1_156' title='bbox 1313 2617 1315 2626; x_wconf 90' lang='lat'>&#39;</span> 
     </span>
     <span class='ocr_line' id='line_1_22' title="bbox 110 2713 1207 2803; baseline -0.003 -22"><span class='ocrx_word' id='word_1_157' title='bbox 110 2715 269 2783; x_wconf 88' lang='lat' dir='ltr'><strong>debeatur</strong></span> <span class='ocrx_word' id='word_1_158' title='bbox 277 2714 426 2800; x_wconf 85' lang='lat' dir='ltr'><strong>¹)-sed</strong></span> <span class='ocrx_word' id='word_1_159' title='bbox 435 2714 463 2779; x_wconf 91' lang='lat' dir='ltr'><strong>si</strong></span> <span class='ocrx_word' id='word_1_160' title='bbox 475 2715 547 2803; x_wconf 87' lang='lat' dir='ltr'><strong>quis</strong></span> <span class='ocrx_word' id='word_1_161' title='bbox 558 2714 689 2802; x_wconf 90' lang='lat' dir='ltr'><strong>Vergili</strong></span> <span class='ocrx_word' id='word_1_162' title='bbox 699 2715 832 2780; x_wconf 79' lang='lat' dir='ltr'><strong>versum</strong></span> <span class='ocrx_word' id='word_1_163' title='bbox 844 2713 984 2801; x_wconf 88' lang='lat' dir='ltr'><strong>simplici</strong></span> <span class='ocrx_word' id='word_1_164' title='bbox 995 2735 1073 2779; x_wconf 90' lang='lat' dir='ltr'><strong>usus</strong></span> <span class='ocrx_word' id='word_1_165' title='bbox 1085 2713 1207 2779; x_wconf 90' lang='lat' dir='ltr'><strong>iudicio</strong></span> 
     </span>
     <span class='ocr_line' id='line_1_23' title="bbox 111 2820 1211 2910; baseline -0.004 -22"><span class='ocrx_word' id='word_1_166' title='bbox 111 2821 376 2907; x_wconf 84' lang='lat' dir='ltr'><strong>consideraverit,</strong></span> <span class='ocrx_word' id='word_1_167' title='bbox 399 2845 476 2888; x_wconf 90' lang='lat' dir='ltr'><strong>num</strong></span> <span class='ocrx_word' id='word_1_168' title='bbox 496 2822 593 2888; x_wconf 87' lang='lat' dir='ltr'><strong>aliter</strong></span> <span class='ocrx_word' id='word_1_169' title='bbox 611 2823 733 2910; x_wconf 89' lang='lat' dir='ltr'><strong>poterit</strong></span> <span class='ocrx_word' id='word_1_170' title='bbox 755 2831 898 2887; x_wconf 78' lang='lat' dir='ltr'><strong>satarum</strong></span> <span class='ocrx_word' id='word_1_171' title='bbox 919 2823 1098 2888; x_wconf 85' lang='lat' dir='ltr'><strong>Tarentum</strong></span> <span class='ocrx_word' id='word_1_172' title='bbox 1118 2820 1211 2885; x_wconf 90' lang='lat' dir='ltr'><strong>intel-</strong></span> 
     </span>
     <span class='ocr_line' id='line_1_24' title="bbox 109 2929 1211 3017; baseline 0.001 -22"><span class='ocrx_word' id='word_1_173' title='bbox 109 2932 229 3017; x_wconf 84' lang='lat' dir='ltr'><strong>legere</strong></span> <span class='ocrx_word' id='word_1_174' title='bbox 250 2941 347 3015; x_wconf 88' lang='lat' dir='ltr'><strong>atque</strong></span> <span class='ocrx_word' id='word_1_175' title='bbox 367 2930 414 2996; x_wconf 86' lang='lat' dir='ltr'><strong>ita</strong></span> <span class='ocrx_word' id='word_1_176' title='bbox 433 2940 470 2995; x_wconf 91' lang='lat' dir='ltr'><strong>ut</strong></span> <span class='ocrx_word' id='word_1_177' title='bbox 491 2931 533 2995; x_wconf 84' lang='lat' dir='ltr'><strong>sit</strong></span> <span class='ocrx_word' id='word_1_178' title='bbox 557 2929 649 3015; x_wconf 83' lang='lat' dir='ltr'><strong>felix,</strong></span> <span class='ocrx_word' id='word_1_179' title='bbox 670 2929 773 3015; x_wconf 83' lang='lat' dir='ltr'><strong>dives,</strong></span> <span class='ocrx_word' id='word_1_180' title='bbox 794 2930 986 3016; x_wconf 90' lang='lat' dir='ltr'><strong>opulentum</strong></span> <span class='ocrx_word' id='word_1_181' title='bbox 1008 2930 1211 2996; x_wconf 69' lang='lat' dir='ltr'><strong>Tarentum?</strong></span> 
     </span>
     <span class='ocr_line' id='line_1_25' title="bbox 109 3038 1212 3128; baseline -0.002 -22"><span class='ocrx_word' id='word_1_182' title='bbox 109 3040 189 3106; x_wconf 88' lang='lat' dir='ltr'><strong>Non</strong></span> <span class='ocrx_word' id='word_1_183' title='bbox 210 3049 356 3127; x_wconf 86' lang='lat' dir='ltr'><strong>possunt,</strong></span> <span class='ocrx_word' id='word_1_184' title='bbox 384 3050 474 3128; x_wconf 89' lang='lat' dir='ltr'><strong>puto,</strong></span> <span class='ocrx_word' id='word_1_185' title='bbox 502 3039 600 3126; x_wconf 89' lang='lat' dir='ltr'><strong>primi</strong></span> <span class='ocrx_word' id='word_1_186' title='bbox 632 3039 752 3104; x_wconf 83' lang='lat' dir='ltr'><strong>saeculi</strong></span> <span class='ocrx_word' id='word_1_187' title='bbox 777 3038 997 3126; x_wconf 84' lang='lat' dir='ltr'><strong>grammaticis</strong></span> <span class='ocrx_word' id='word_1_188' title='bbox 1026 3039 1212 3106; x_wconf 87' lang='lat' dir='ltr'><strong>huiusmodi</strong></span> 
     </span>
     <span class='ocr_line' id='line_1_26' title="bbox 109 3147 1211 3236; baseline 0.002 -24"><span class='ocrx_word' id='word_1_189' title='bbox 109 3148 242 3214; x_wconf 85' lang='lat' dir='ltr'><strong>fabulae</strong></span> <span class='ocrx_word' id='word_1_190' title='bbox 253 3147 415 3236; x_wconf 89' lang='lat' dir='ltr'><strong>imputari.</strong></span> <span class='ocrx_word' id='word_1_191' title='bbox 438 3148 561 3216; x_wconf 88' lang='lat' dir='ltr'><strong>Noster</strong></span> <span class='ocrx_word' id='word_1_192' title='bbox 572 3158 681 3214; x_wconf 90' lang='lat' dir='ltr'><strong>autem</strong></span> <span class='ocrx_word' id='word_1_193' title='bbox 692 3148 944 3214; x_wconf 84' lang='lat' dir='ltr'><strong>commentarius</strong></span> <span class='ocrx_word' id='word_1_194' title='bbox 954 3148 1053 3213; x_wconf 87' lang='lat' dir='ltr'><strong>olium</strong></span> <span class='ocrx_word' id='word_1_195' title='bbox 1063 3148 1129 3215; x_wconf 92' lang='lat' dir='ltr'><strong>iam</strong></span> <span class='ocrx_word' id='word_1_196' title='bbox 1139 3148 1211 3234; x_wconf 90' lang='lat' dir='ltr'><strong>ipso</strong></span> 
     </span>
     <span class='ocr_line' id='line_1_27' title="bbox 110 3255 1213 3346; baseline 0.001 -24"><span class='ocrx_word' id='word_1_197' title='bbox 110 3257 328 3342; x_wconf 88' lang='lat' dir='ltr'><strong>antiquiorem</strong></span> <span class='ocrx_word' id='word_1_198' title='bbox 343 3257 398 3323; x_wconf 89' lang='lat' dir='ltr'><strong>hic</strong></span> <span class='ocrx_word' id='word_1_199' title='bbox 409 3257 566 3346; x_wconf 85' lang='lat' dir='ltr'><strong>respexit,</strong></span> <span class='ocrx_word' id='word_1_200' title='bbox 589 3279 661 3322; x_wconf 90' lang='lat' dir='ltr'><strong>cum</strong></span> <span class='ocrx_word' id='word_1_201' title='bbox 679 3257 750 3346; x_wconf 88' lang='lat' dir='ltr'><strong>ipse</strong></span> <span class='ocrx_word' id='word_1_202' title='bbox 761 3258 802 3323; x_wconf 92' lang='lat' dir='ltr'><strong>ab</strong></span> <span class='ocrx_word' id='word_1_203' title='bbox 821 3279 886 3324; x_wconf 91' lang='lat' dir='ltr'><strong>uno</strong></span> <span class='ocrx_word' id='word_1_204' title='bbox 906 3257 980 3322; x_wconf 87' lang='lat' dir='ltr'><strong>loco</strong></span> <span class='ocrx_word' id='word_1_205' title='bbox 992 3255 1134 3341; x_wconf 84' lang='lat' dir='ltr'><strong>Saturio,</strong></span> <span class='ocrx_word' id='word_1_206' title='bbox 1154 3255 1213 3323; x_wconf 91' lang='lat' dir='ltr'><strong>ille</strong></span> 
     </span>
     <span class='ocr_line' id='line_1_28' title="bbox 112 3361 1212 3454; baseline 0.003 -24"><span class='ocrx_word' id='word_1_207' title='bbox 112 3365 275 3452; x_wconf 86' lang='lat' dir='ltr'><strong>(quidam)</strong></span> <span class='ocrx_word' id='word_1_208' title='bbox 299 3387 394 3451; x_wconf 82' lang='lat' dir='ltr'><strong>,cum</strong></span> <span class='ocrx_word' id='word_1_209' title='bbox 422 3367 464 3432; x_wconf 93' lang='lat' dir='ltr'><strong>ob</strong></span> <span class='ocrx_word' id='word_1_210' title='bbox 485 3366 558 3454; x_wconf 88' lang='lat' dir='ltr'><strong>agri</strong></span> <span class='ocrx_word' id='word_1_211' title='bbox 579 3366 759 3433; x_wconf 86' lang='lat' dir='ltr'><strong>bonitatem</strong></span> <span class='ocrx_word' id='word_1_212' title='bbox 782 3376 851 3431; x_wconf 87' lang='lat' dir='ltr'><strong>tum</strong></span> <span class='ocrx_word' id='word_1_213' title='bbox 873 3387 892 3429; x_wconf 92' lang='lat' dir='ltr'><strong>a</strong></span> <span class='ocrx_word' id='word_1_214' title='bbox 912 3366 987 3430; x_wconf 87' lang='lat' dir='ltr'><strong>loco</strong></span> <span class='ocrx_word' id='word_1_215' title='bbox 1003 3364 1143 3451; x_wconf 87' lang='lat' dir='ltr'><strong>quodam</strong></span> <span class='ocrx_word' id='word_1_216' title='bbox 1155 3361 1212 3433; x_wconf 78' lang='lat' dir='ltr'><strong>Sa-</strong></span> 
     </span>
     <span class='ocr_line' id='line_1_29' title="bbox 110 3473 1211 3564; baseline 0.001 -25"><span class='ocrx_word' id='word_1_217' title='bbox 110 3473 205 3539; x_wconf 84' lang='lat' dir='ltr'><strong>turo“</strong></span> <span class='ocrx_word' id='word_1_218' title='bbox 228 3474 406 3540; x_wconf 88' lang='lat' dir='ltr'><strong>Tarentum</strong></span> <span class='ocrx_word' id='word_1_219' title='bbox 426 3475 488 3540; x_wconf 90' lang='lat' dir='ltr'><strong>boc</strong></span> <span class='ocrx_word' id='word_1_220' title='bbox 507 3476 640 3542; x_wconf 91' lang='lat' dir='ltr'><strong>nomine</strong></span> <span class='ocrx_word' id='word_1_221' title='bbox 661 3473 843 3562; x_wconf 87' lang='lat' dir='ltr'><strong>aVergilio</strong></span> <span class='ocrx_word' id='word_1_222' title='bbox 855 3474 1055 3564; x_wconf 89' lang='lat' dir='ltr'><strong>appellatum</strong></span> <span class='ocrx_word' id='word_1_223' title='bbox 1071 3483 1211 3540; x_wconf 87' lang='lat' dir='ltr'><strong>censeat.</strong></span> 
     </span>
     <span class='ocr_line' id='line_1_30' title="bbox 110 3581 1214 3673; baseline -0.002 -23"><span class='ocrx_word' id='word_1_224' title='bbox 110 3584 186 3650; x_wconf 85' lang='lat' dir='ltr'><strong>Iam</strong></span> <span class='ocrx_word' id='word_1_225' title='bbox 206 3583 309 3670; x_wconf 89' lang='lat' dir='ltr'><strong>igitur</strong></span> <span class='ocrx_word' id='word_1_226' title='bbox 328 3593 404 3649; x_wconf 89' lang='lat' dir='ltr'><strong>ante</strong></span> <span class='ocrx_word' id='word_1_227' title='bbox 424 3583 569 3650; x_wconf 91' lang='lat' dir='ltr'><strong>Probum</strong></span> <span class='ocrx_word' id='word_1_228' title='bbox 592 3588 739 3650; x_wconf 78' lang='lat' dir='ltr'><strong>nostrum</strong></span> <span class='ocrx_word' id='word_1_229' title='bbox 758 3592 966 3673; x_wconf 85' lang='lat' dir='ltr'><strong>personatum</strong></span> <span class='ocrx_word' id='word_1_230' title='bbox 988 3583 1069 3649; x_wconf 84' lang='lat' dir='ltr'><strong>haec</strong></span> <span class='ocrx_word' id='word_1_231' title='bbox 1087 3581 1214 3650; x_wconf 86' lang='lat' dir='ltr'><strong>insania</strong></span> 
     </span>
     <span class='ocr_line' id='line_1_31' title="bbox 111 3689 1213 3780; baseline 0.002 -24"><span class='ocrx_word' id='word_1_232' title='bbox 111 3700 292 3757; x_wconf 88' lang='lat' dir='ltr'><strong>emerserat</strong></span> <span class='ocrx_word' id='word_1_233' title='bbox 318 3711 414 3776; x_wconf 90' lang='lat' dir='ltr'><strong>quam</strong></span> <span class='ocrx_word' id='word_1_234' title='bbox 438 3691 587 3780; x_wconf 80' lang='lat' dir='ltr'><strong>quisnam</strong></span> <span class='ocrx_word' id='word_1_235' title='bbox 606 3693 642 3758; x_wconf 90' lang='lat' dir='ltr'><strong>in</strong></span> <span class='ocrx_word' id='word_1_236' title='bbox 664 3692 864 3780; x_wconf 86' lang='lat' dir='ltr'><strong>antiquiorea</strong></span> <span class='ocrx_word' id='word_1_237' title='bbox 887 3689 996 3756; x_wconf 90' lang='lat' dir='ltr'><strong>Probo</strong></span> <span class='ocrx_word' id='word_1_238' title='bbox 1017 3689 1213 3777; x_wconf 84' lang='lat' dir='ltr'><strong>interpretes</strong></span> 
     </span>
     <span class='ocr_line' id='line_1_32' title="bbox 111 3787 1213 3890; baseline 0.001 -24"><span class='ocrx_word' id='word_1_239' title='bbox 111 3801 205 3868; x_wconf 80' lang='lat' dir='ltr'><strong>velut</strong></span> <span class='ocrx_word' id='word_1_240' title='bbox 225 3800 261 3867; x_wconf 92' lang='lat' dir='ltr'><strong>in</strong></span> <span class='ocrx_word' id='word_1_241' title='bbox 271 3800 456 3870; x_wconf 81' lang='lat' dir='ltr'><strong>Cornutum</strong></span> <span class='ocrx_word' id='word_1_242' title='bbox 474 3801 530 3866; x_wconf 82' lang='lat' dir='ltr'><strong>vel</strong></span> <span class='ocrx_word' id='word_1_243' title='bbox 544 3787 718 3890; x_wconf 84' lang='lat' dir='ltr'><strong>Hyginum</strong></span> <span class='ocrx_word' id='word_1_244' title='bbox 739 3801 891 3866; x_wconf 78' lang='lat' dir='ltr'><strong>conterre</strong></span> <span class='ocrx_word' id='word_1_245' title='bbox 911 3797 1067 3866; x_wconf 75' lang='lat' dir='ltr'><strong>audebit?</strong></span> <span class='ocrx_word' id='word_1_246' title='bbox 1085 3835 1128 3849; x_wconf 88' lang='lat'><strong>·-</strong></span> <span class='ocrx_word' id='word_1_247' title='bbox 1147 3799 1213 3867; x_wconf 91' lang='lat' dir='ltr'><strong>Lu·</strong></span> 
     </span>
    </p>
   </div>
   <div class='ocr_carea' id='block_1_3' title="bbox 115 3959 306 3972">
    <p class='ocr_par' dir='ltr' id='par_1_5' title="bbox 115 3959 306 3972">
     <span class='ocr_line' id='line_1_33' title="bbox 115 3959 306 3972; baseline -0.005 -1"><span class='ocrx_word' id='word_1_248' title='bbox 115 3959 306 3972; x_wconf 57' lang='grc' dir='ltr'><strong><em>Ἣ</em></strong></span> 
     </span>
    </p>
   </div>
   <div class='ocr_carea' id='block_1_4' title="bbox 5 4059 1215 4324">
    <p class='ocr_par' dir='ltr' id='par_1_6' title="bbox 5 4059 1215 4324">
     <span class='ocr_line' id='line_1_34' title="bbox 185 4059 1214 4131; baseline -0.008 -15"><span class='ocrx_word' id='word_1_249' title='bbox 185 4059 212 4131; x_wconf 85' lang='grc'><strong>1)</strong></span> <span class='ocrx_word' id='word_1_250' title='bbox 229 4059 310 4130; x_wconf 74' lang='lat' dir='ltr'><strong>Quod</strong></span> <span class='ocrx_word' id='word_1_251' title='bbox 337 4061 465 4131; x_wconf 85' lang='lat' dir='ltr'><strong>equidem</strong></span> <span class='ocrx_word' id='word_1_252' title='bbox 492 4079 549 4117; x_wconf 91' lang='lat' dir='ltr'><strong>non</strong></span> <span class='ocrx_word' id='word_1_253' title='bbox 572 4061 661 4117; x_wconf 86' lang='lat' dir='ltr'><strong>audeo</strong></span> <span class='ocrx_word' id='word_1_254' title='bbox 691 4059 857 4131; x_wconf 80' lang='lat' dir='ltr'><strong>decerner03</strong></span> <span class='ocrx_word' id='word_1_255' title='bbox 880 4059 982 4116; x_wconf 86' lang='lat' dir='ltr'><strong>Horati</strong></span> <span class='ocrx_word' id='word_1_256' title='bbox 1000 4059 1098 4114; x_wconf 88' lang='lat' dir='ltr'><strong>saltem</strong></span> <span class='ocrx_word' id='word_1_257' title='bbox 1117 4071 1214 4111; x_wconf 88' lang='lat' dir='ltr'><strong>versus</strong></span> 
     </span>
     <span class='ocr_line' id='line_1_35' title="bbox 112 4150 1215 4224; baseline -0.006 -12"><span class='ocrx_word' id='word_1_258' title='bbox 112 4155 172 4212; x_wconf 87' lang='lat' dir='ltr'><strong>Sat.</strong></span> <span class='ocrx_word' id='word_1_259' title='bbox 180 4153 202 4224; x_wconf 90' lang='lat'><strong>1,</strong></span> <span class='ocrx_word' id='word_1_260' title='bbox 213 4157 239 4224; x_wconf 88' lang='grc'><strong>6,</strong></span> <span class='ocrx_word' id='word_1_261' title='bbox 250 4159 284 4214; x_wconf 81' lang='grc'><strong>59</strong></span> <span class='ocrx_word' id='word_1_262' title='bbox 316 4153 376 4210; x_wconf 81' lang='lat' dir='ltr'><strong>»Me</strong></span> <span class='ocrx_word' id='word_1_263' title='bbox 395 4155 559 4212; x_wconf 81' lang='lat' dir='ltr'><strong>Satureiano</strong></span> <span class='ocrx_word' id='word_1_264' title='bbox 576 4156 768 4212; x_wconf 83' lang='lat' dir='ltr'><strong>vectarirnre</strong></span> <span class='ocrx_word' id='word_1_265' title='bbox 789 4155 912 4211; x_wconf 82' lang='lat' dir='ltr'><strong>caballo«</strong></span> <span class='ocrx_word' id='word_1_266' title='bbox 942 4171 998 4212; x_wconf 87' lang='lat' dir='ltr'><strong>non</strong></span> <span class='ocrx_word' id='word_1_267' title='bbox 1016 4153 1052 4208; x_wconf 88' lang='lat' dir='ltr'><strong>ad</strong></span> <span class='ocrx_word' id='word_1_268' title='bbox 1073 4150 1215 4207; x_wconf 81' lang='lat' dir='ltr'><strong>Saturium</strong></span> 
     </span>
     <span class='ocr_line' id='line_1_36' title="bbox 5 4248 1038 4324; baseline -0.006 -15"><span class='ocrx_word' id='word_1_269' title='bbox 5 4279 7 4322; x_wconf 75' lang='lat' dir='ltr'><strong>l</strong></span> <span class='ocrx_word' id='word_1_270' title='bbox 113 4251 165 4308; x_wconf 87' lang='lat' dir='ltr'><strong>sed</strong></span> <span class='ocrx_word' id='word_1_271' title='bbox 181 4250 219 4306; x_wconf 79' lang='lat' dir='ltr'><strong>ed</strong></span> <span class='ocrx_word' id='word_1_272' title='bbox 236 4249 399 4308; x_wconf 68' lang='lat' dir='ltr'><strong>samium</strong></span> <span class='ocrx_word' id='word_1_273' title='bbox 417 4253 511 4309; x_wconf 84' lang='lat' dir='ltr'><strong>locum</strong></span> <span class='ocrx_word' id='word_1_274' title='bbox 530 4255 650 4324; x_wconf 89' lang='lat' dir='ltr'><strong>spectat,</strong></span> <span class='ocrx_word' id='word_1_275' title='bbox 669 4252 778 4323; x_wconf 88' lang='lat' dir='ltr'><strong>dequo</strong></span> <span class='ocrx_word' id='word_1_276' title='bbox 796 4251 843 4306; x_wconf 88' lang='lat' dir='ltr'><strong>hic</strong></span> <span class='ocrx_word' id='word_1_277' title='bbox 862 4267 919 4306; x_wconf 87' lang='lat' dir='ltr'><strong>non</strong></span> <span class='ocrx_word' id='word_1_278' title='bbox 934 4248 1038 4320; x_wconf 80' lang='lat' dir='ltr'><strong>agitur.</strong></span> 
     </span>
    </p>
   </div>
   <div class='ocr_carea' id='block_1_5' title="bbox 0 0 1513 4692">
    <p class='ocr_par' dir='ltr' id='par_1_7' title="bbox 0 0 1513 4692">
     <span class='ocr_line' id='line_1_37' title="bbox 0 0 1513 4692; baseline 0 0"><span class='ocrx_word' id='word_1_279' title='bbox 0 0 1513 4692; x_wconf 95' lang='lat' dir='ltr'><strong> </strong></span> 
     </span>
    </p>
   </div>
  </div>
 </body>
</html>
