2998 4692
820 343 862 410 32

292 534 351 611 est,
374 526 465 592 euius
487 527 536 591 rei
558 527 761 605 luculentum
781 527 968 614 exemplum
990 530 1196 606 habemnsin
1208 533 1302 599 Persi
1316 533 1392 600 eod.
1439 601 1443 610 ,

292 638 482 704 Monacensi
503 662 528 704 s.
540 639 603 724 XI,
624 640 679 706 ubi
702 639 954 706 commentarius
977 640 1012 706 in
1036 641 1187 706 Persium
1212 643 1266 726 qui
1285 643 1390 729 volgo

293 745 438 812 Cornuto
459 747 621 832 tribuitur,
641 748 682 812 ad
703 747 873 812 Valerium
893 749 1038 814 Probum
1059 751 1201 815 refertur
1224 751 1282 834 (of.
1304 751 1392 816 lehn

290 857 313 925 l.
325 879 352 920 o.
366 878 397 942 p.
408 855 526 941 CCV),
546 857 580 921 id
601 857 688 942 qnod
711 857 789 922 dibi
812 877 940 944 quoque
959 857 1009 922 illi
1030 858 1188 924 accidisse
1211 881 1250 924 eo
1268 882 1391 947 eogno-

292 965 409 1030 soimus
431 965 518 1050 quod
530 965 727 1032 Hermolaus
750 965 890 1032 eundem
912 967 1180 1032 commentarium
1192 967 1291 1034 Probi
1314 989 1391 1034 esse

292 1075 372 1140 dicit
397 1075 489 1160 (ibid.
511 1076 684 1162 CLVIII).
737 1076 921 1143 Addendus
956 1086 1006 1143 est
1033 1077 1131 1143 etiam
1154 1078 1239 1144 liber
1262 1079 1317 1165 qui
1340 1080 1388 1146 M.

292 1183 406 1258 ‚Valeri
436 1185 536 1250 Probi
565 1184 669 1250 fertur
702 1185 743 1250 de
777 1183 873 1271 111111,
908 1185 947 1250 de
974 1209 1037 1273 quo
1068 1209 1143 1252 oum
1164 1187 1389 1254 Mommsenus

293 1291 383 1374 (Ber.
396 1292 426 1360 d.
439 1291 551 1365 Saohs.
565 1291 644 1360 Ges.
657 1293 688 1358 d.
700 1293 802 1359 Wiss.
819 1293 898 1358 1853
912 1315 943 1379 p.
959 1294 998 1358 91
1012 1293 1097 1382 sqq.)
1119 1295 1257 1380 egregie
1279 1295 1390 1382 dispu-

292 1402 418 1486 taverit,
447 1401 482 1466 in
501 1402 564 1467 hoc
593 1425 658 1467 uno
680 1403 709 1468 ei
733 1402 881 1468 assentiri
903 1425 968 1466 non
989 1425 1140 1488 possum&
1165 1404 1251 1488 quod
1271 1403 1390 1469 inscri-

291 1511 438 1597 ptionem
457 1511 636 1596 genuinam
658 1532 728 1576 esse
751 1520 880 1594 oenset3
911 1503 1017 1596 neque
1039 1511 1124 1576 enim
1147 1511 1224 1577 iuris
1245 1512 1391 1599 peritum

291 1619 390 1686 fuisse
411 1619 503 1684 illum
525 1641 633 1708 neque
655 1619 733 1684 talia
757 1619 926 1705 scripsisse
950 1619 1067 1708 quibus
1088 1619 1310 1706 quotidianum
1341 1619 1392 1684 di-

292 1727 449 1794 scentium
471 1750 565 1792 usum
592 1727 771 1809 adiuvaret,
805 1726 872 1790 ullo
899 1726 996 1792 modo
1028 1727 1234 1812 comprobari
1263 1736 1390 1814 potest3

205 1845 207 1850 '
292 1836 394 1900 multo
416 1835 616 1921 probabilius
641 1845 690 1900 est
711 1837 751 1900 ab
775 1835 883 1919 aliquo
907 1835 960 1920 qui
983 1835 1024 1899 de
1049 1835 1168 1901 criticis
1190 1835 1278 1899 illius
1300 1835 1390 1900 notis

292 1943 469 2026 audiverat,
491 1943 549 2007 has
573 1965 701 2028 quoque
724 1943 803 2008 iuris
824 1953 917 2008 notas
940 1944 970 2008 ei
986 1943 1155 2010 attributas
1171 1965 1252 2008 esse.
1273 1943 1390 2029 Eligas

291 2051 392 2136 igitur
413 2061 521 2116 utrum
542 2053 646 2136 magis
668 2051 807 2116 arridet:
839 2059 894 2116 aut
924 2052 1074 2118 aProbo
1100 2052 1238 2139 quodam
1267 2061 1321 2116 aut
1345 2051 1389 2114 ab

175 2229 178 2234 Δ
292 2159 355 2224 alio
376 2161 588 2245 grammatico
611 2159 858 2226 commentarius
889 2158 1038 2244 scriptus,
1071 2159 1116 2224 M.
1139 2159 1253 2224 Valeri
1276 2167 1389 2223 autem

292 2289 412 2334 nomen
433 2268 559 2334 incerto
582 2276 730 2356 tempore
743 2277 779 2334 ut
794 2267 864 2332 aliis
878 2267 922 2331 ita
934 2266 1010 2331 huie
1023 2267 1107 2333 libro
1123 2267 1310 2354 impositum
1326 2275 1388 2330 est.
