2998 4692
823 331 865 396 20

293 513 454 584 culentius
486 513 594 582 etiam·
610 524 648 582 ut
676 522 754 604 puto
783 515 972 603 exemplum
1002 517 1141 602 praebet
1162 516 1328 584 adnotatio
1349 517 1396 582 ad

295 624 420 712 Georg.
442 623 470 707 Ι,
493 622 523 689 5.

768 765 812 779 -
831 753 889 796 vos
912 754 931 796 c
955 730 1133 796 clarissima
1156 732 1268 797 mundi

363 837 373 850 ‘
460 840 594 924 lumina,
613 839 779 904 labentem
802 840 892 904 caelo
915 861 978 923 qua
1000 839 1116 905 ducitis
1139 863 1276 923 annum3

431 974 434 979 ·
459 948 561 1014 Liber
584 957 616 1012 et
638 947 723 1012 alma
744 946 848 1015 Ocres
869 968 939 1032 sqq.

295 1057 389 1140 „Hoc
411 1059 486 1123 loco'
507 1055 747 1143 voltintellegi
758 1055 884 1122 Lunam
896 1055 1053 1123 Cererem
1076 1079 1095 1121 a
1114 1056 1255 1124 creando
1269 1059 1393 1125 dietam

263 1198 266 1202 ·
295 1167 369 1255 quia
388 1173 529 1240 maturet
549 1165 673 1250 fruges,
695 1163 808 1232 Solem
821 1163 977 1230 Liberum
988 1164 1063 1249 quia
1073 1165 1178 1230 libere
1192 1173 1393 1252 pervagetur

294 1297 355 1363 per
376 1281 451 1340 aera
472 1274 526 1338 vel
548 1274 623 1359 quia
644 1273 713 1338 eius
736 1273 848 1360 fulgor
869 1273 1007 1339 aliorum
1026 1274 1150 1340 lumina
1170 1277 1392 1362 praestringat

292 1385 347 1449 vel
376 1383 451 1469 quia
477 1391 615 1448 maturet
637 1382 779 1448 vineas.“
832 1383 1070 1448 Perabsurdam
1105 1383 1272 1449 stultitiam
1307 1385 1390 1450 haec

294 1493 435 1579 prodere
459 1492 556 1558 facile
579 1491 791 1579 perspicitur;
828 1489 998 1577 Vergilius
1028 1491 1116 1556 enim
1144 1514 1218 1557 cum
1240 1493 1275 1558 in
1296 1493 1390 1560 initio

296 1601 490 1688 Georgicon
511 1600 654 1687 primum
666 1598 779 1666 Solem
801 1607 833 1664 et
853 1599 982 1665 Lunam
1000 1601 1141 1684 invocet,
1165 1601 1391 1668 deindeLib'e-

293 1734 369 1776 rum
399 1719 432 1774 et
462 1709 620 1775 Cererem
650 1708 777 1795 aliaque
810 1707 966 1796 deinceps
997 1709 1139 1794 numina,
1170 1708 1216 1774 ibi
1249 1709 1391 1776 ridiculo

296 1840 407 1884 errore
427 1817 656 1903 grammaticus
670 1817 781 1881 nescio
799 1817 870 1904 quis
881 1818 985 1905 ipsum
999 1817 1155 1883 Liberum
1169 1803 1390 1903 Cereremque

294 1926 407 1992 mundi
430 1925 553 1991 lu'minc
573 1949 593 1989 a
614 1935 711 2014 poeta
735 1925 800 1990 dici
823 1926 996 1990 arbitratus
1014 1935 1073 2009 est,
1096 1947 1190 2010 quam
1203 1927 1309 1991 statim
1323 1927 1392 2014 cpi·

294 2035 426 2100 nionem
442 2035 645 2121 argumentis
666 2033 779 2100 similis
801 2034 923 2098 farinae
945 2033 1110 2120 explicare
1121 2035 1272 2123 suscepit.
1297 2035 1392 2116 Quae

295 2165 371 2208 cum
396 2143 504 2207 'semel
530 2143 564 2207 in
591 2143 700 2206 lucem
732 2141 859 2226 prolata
890 2150 975 2206 esset
1004 2141 1165 2206 sententia
1198 2142 1299 2229 (quod
1323 2163 1393 2206 non

294 2251 402 2337 potuit
424 2251 496 2315 fieri
520 2250 583 2316 nisi
606 2259 752 2336 tempore
776 2270 839 2334 quc
868 2248 1044 2336 allegorica
1072 2249 1137 2313 iam
1165 2248 1393 2316 dominabatur

296 2357 537 2446 interpretatio)
559 2359 675 2445 plausu
695 2358 826 2423 videtur
849 2367 996 2442 excepta,
1021 2380 1095 2422 cum
1123 2359 1178 2423 alii
1202 2380 1332 2446 quoque
1348 2359 1394 2425 in

297 2489 336 2532 eo
360 2477 429 2532 tum
450 2467 670 2533 laboraverint
698 2476 733 2531 ut
762 2466 876 2534 Solem
903 2466 1043 2531 eundem
1073 2487 1145 2531 esse
1174 2489 1211 2532 ac
1236 2467 1394 2532 Liberum

296 2576 390 2641 novis
411 2576 614 2662 argumentis
635 2577 812 2640 firmarent.
854 2573 932 2640 Tria
952 2575 1038 2640 enim
1061 2577 1272 2664 proferuntur
1302 2577 1394 2662 (quo-

297 2692 370 2750 rum
394 2685 473 2770 quid
499 2684 544 2750 sit⁴
568 2684 834 2751 absurdissimum
856 2683 1035 2748 decernere
1059 2683 1185 2768 dubito)
1219 2705 1301 2770 quae
1328 2705 1395 2748 non

297 2796 336 2859 ab
359 2800 423 2859 u'no
444 2800 577 2860 auctore
601 2794 747 2882 profecta
766 2793 929 2859 videntur.
971 2790 1081 2856 Prima
1107 2791 1195 2856 enim
1217 2792 1393 2878 explicatio

298 2903 395 2968 etiam
426 2904 513 2988 apud
547 2901 769 2969 Gaudentium
800 2900 934 2987 legitur,
969 2911 1153 2988 postremae
1195 2900 1393 2987 antiquitatis

297 3011 546 3093 grammaticum
569 3011 618 3096 (in
639 3010 739 3076 schol.
751 3010 851 3076 Bern.
864 3010 915 3075 ed.
926 3009 1047 3076 Miiller
1062 3009 1103 3074 ad
1125 3010 1158 3075 h.
1169 3009 1210 3073 l.:
1233 3008 1394 3092 „Quidam

297 3129 406 3184 autem
425 3120 513 3185 hunc
534 3119 691 3185 Liberum
710 3117 824 3186 Solem
843 3118 914 3184 volt
935 3118 1084 3204 intellegi
1106 3117 1193 3203 quod
1214 3116 1317 3182 libere
1338 3139 1392 3181 va-

297 3226 664 3316 gebim-*Gaudentius
688 3226 796 3292 dicic“
831 3229 874 3292 cf.
897 3225 999 3292 schol.
1020 3225 1126 3311 Leyd.
1147 3249 1198 3312 ap.
1221 3223 1392 3312 Suringar.

297 3334 371 3400 hist.
392 3335 463 3401 crit.
477 3335 578 3400 schol.
591 3335 661 3401 Lat.
675 3334 712 3402 II
725 3333 811 3419 276),
831 3335 978 3421 reliquae
998 3333 1079 3398 duae
1099 3343 1247 3398 nostrum
1267 3341 1393 3400 tentum

298 3451 459 3508 exornant
480 3443 757 3518 commentarium.
801 3442 913 3508 Verba
939 3443 993 3508 vel
1013 3478 1057 3492 -·-
1076 3441 1131 3506 vel
1152 3477 1191 3488 -
1212 3441 1267 3506 vel
1293 3441 1393 3527 signi-

297 3549 580 3633 ficare'videntun
603 3571 645 3616 ex
668 3551 889 3638 compluribus
913 3551 1057 3618 fontibus
1079 3553 1137 3618 has
1159 3550 1392 3638 explicationes

297 3659 415 3745 petitas
443 3681 524 3724 esse.
567 3660 724 3741 Quartam
745 3670 918 3749 praeterea
939 3660 1084 3726 eiusdem
1106 3659 1156 3724 rci
1186 3682 1314 3724 causam
1338 3681 1393 3724 ex·

298 3767 486 3852 cogitabant
497 3789 593 3853 quam
605 3790 647 3834 ex
660 3767 775 3837 Servio
787 3768 884 3834 animi
897 3789 990 3833 causa
1001 3787 1200 3853 cognoscere
1211 3767 1393 3855 poteria*

297 3875 474 3940 Praeterea
494 3877 688 3965 interpretes
715 3877 885 3962 „quidam“
910 3875 951 3941 ad
972 3875 1043 3941 Eel.
1053 3875 1085 3959 3,
1095 3875 1147 3940 40.
1171 3875 1296 3962 Georg.
1312 3875 1339 3958 Ι,
1352 3876 1391 3941 19

298 3993 609 4069 commemorantur,
645 3986 699 4070 qui
733 3993 842 4050 tamen
872 3993 1017 4072 apertam
1054 3984 1246 4050 recentioris
1277 3981 1392 4048 aetatis

297 4093 516 4183 suspicionem
539 4094 662 4160 nullam
682 4101 821 4160 movent.

379 4201 482 4276 Hisce
511 4201 641 4292 quidem
669 4201 751 4268 loeis
774 4199 871 4268 etiam
891 4200 1067 4268 fontes'ex
1089 4203 1205 4292 quibus
1229 4219 1390 4270 commen·
