2998 4692
823 347 867 414 30

296 543 371 598 ante
393 557 421 597 a.
446 529 528 596 1450
557 529 694 618 scriptus
719 539 778 614 est,
811 528 965 598 eGellio
997 531 1149 621 accipere
1183 536 1300 622 potuit.
1357 537 1397 606 si

294 639 396 726 igitur
416 659 469 705 res
490 638 535 703 ita
555 660 591 704 se
613 636 722 722 habet,
743 648 780 704 ut
802 639 947 705 Probum
967 641 1099 707 nomine
1124 643 1301 728 antiquitus
1325 655 1394 710 tra·

295 747 398 813 ditum
419 747 496 812 libri
517 755 682 812 auctorem
702 756 818 833 putare
839 747 1010 834 possimus,
1032 747 1271 837 simplicissime
1284 753 1394 820 absol·

294 865 444 921 veretur:
479 855 573 922 Italis
603 876 688 921 saec.
699 854 766 920 XV
789 854 967 943 philologis
988 857 1032 922 M.
1054 857 1225 924 Valerium
1249 882 1309 926 nos
1335 860 1393 926 dc-

293 964 373 1030 bere
397 965 589 1030 diceremus.
620 961 742 1029 Contra¹
761 963 850 1030 aliud
870 973 920 1029 est
940 974 1169 1050 argumentum
1192 967 1234 1052 (si
1256 969 1393 1053 quidem

294 1073 328 1137 in
348 1081 470 1137 retem
492 1071 614 1136 incerta
646 1081 874 1157 argumentum
903 1071 969 1136 dici
998 1073 1090 1159 licet)
1124 1096 1164 1144 co
1198 1075 1321 1142 ducens
1355 1086 1394 1142 ut

258 1213 261 1224 Δ
293 1178 490 1246 Bobiensem
510 1180 575 1246 iam
596 1179 742 1264 codicem
762 1180 879 1245 Valeri
902 1181 1003 1248 Probi
1033 1181 1164 1248 nomine
1195 1195 1391 1252 exornatum

293 1289 392 1354 fixisse
414 1299 574 1376 putemus.
617 1288 657 1354 In
679 1288 829 1373 catalogo
852 1289 937 1355 enim
957 1289 1117 1356 librorum
1133 1291 1217 1358 Bobi
1239 1293 1391 1360 adserva-

292 1403 400 1462 torum
421 1397 546 1463 decimo
569 1398 699 1463 saeculo
719 1407 850 1462 exarato
870 1397 981 1476 inveni
1007 1399 1151 1484 „Valerii
1162 1402 1264 1466 Probi
1287 1403 1392 1470 libros

292 1505 364 1572 111⁸
378 1507 434 1588 (cf.
446 1505 601 1572 Murator.
612 1506 748 1594 Autiqq.
758 1507 832 1572 Ital.
846 1508 913 1590 ΠΙ,
923 1531 956 1594 p.
968 1508 1030 1574 820
1038 1507 1075 1594 d)
1091 1507 1159 1574 non
1169 1510 1279 1576 addito
1290 1511 1391 1578 libro·

291 1637 365 1681 rum
386 1623 590 1701 argumento.
633 1614 725 1680 Libri
751 1615 786 1680 in
814 1615 963 1702 catalogo
994 1617 1052 1682 illo
1080 1639 1139 1705 pro
1168 1611 1390 1686 voluminibus

291 1723 484 1810 plerumque
501 1722 664 1806 dicuntur3
688 1746 826 1810 quorum
846 1747 948 1790 unum
966 1725 1151 1792 etiamnunc
1169 1735 1295 1792 exstare
1309 1738 1391 1812 puto

293 1831 460 1916 „codicem
483 1830 560 1896 olim
587 1831 784 1898 Bobiensem
805 1855 893 1898 nunc
916 1833 1208 1900 Vindobonenscm
1231 1835 1269 1899 17
1303 1859 1390 1902 saec.
1427 1875 1434 1880 -

291 1941 524 2009 VIIIvelDP
549 1943 604 2030 qui
627 1944 815 2027 „Valerium
837 1945 982 2011 Probum
1005 1946 1045 2010 de
1068 1946 1220 2012 nomine“
1244 1956 1277 2012 et
1287 1947 1389 2013 Probi

291 2051 409 2118 Artem
432 2050 593 2117 minorem
615 2052 760 2118 continet
775 2053 831 2138 (cf.
842 2053 1041 2120 Eichenfeld
1056 2054 1389 2120 etEndlicherAnel.

291 2183 429 2246 gramm.
454 2184 486 2250 p.
499 2161 579 2228 VII.
592 2161 667 2247 XI).
711 2163 803 2244 Quae
822 2162 858 2227 in
879 2163 982 2228 altero
1001 2163 1166 2229 volumine
1189 2165 1313 2230 fuerint
1333 2185 1391 2230 ex-

291 2270 420 2356 quirere
441 2293 508 2335 non
529 2271 636 2356 potui3
659 2273 925 2337 commentarium
946 2272 1078 2360 'quidem
1095 2281 1243 2338 nostrum
1266 2271 1390 2358 (siqui-

292 2379 367 2446 dem
400 2380 435 2445 in
464 2379 530 2446 illis
559 2379 634 2466 fuit)
667 2403 733 2446 uno
756 2390 883 2448 tantum
904 2381 1070 2448 volumine
1082 2380 1109 2468 1)
1138 2381 1322 2448 constitisse
1346 2402 1390 2445 cx

363 2627 388 2695 1)
408 2625 537 2680 Ceterum
561 2623 752 2678 adnotandum
777 2625 890 2680 tandem
915 2629 960 2680 est
983 2625 1122 2695 pleniores
1148 2623 1214 2678 olim
1238 2622 1290 2678 hos
1315 2641 1390 2678 com·

290 2719 441 2774 menterios
459 2724 491 2774 ut
508 2720 619 2775 videtur
637 2720 763 2786 (sednon
774 2721 803 2774 in
815 2738 865 2776 ms.
876 2721 956 2790 Bob.)
974 2721 1066 2775 firisse.
1104 2719 1184 2786 Quod
1201 2719 1275 2774 enim
1300 2719 1389 2774 schol.

290 2813 424 2870 Bernem.
448 2819 554 2870 saeell
573 2815 609 2870 ad
630 2815 731 2886 Georg.
741 2816 763 2884 Ι,
773 2817 826 2874 403
846 2816 979 2872 afferunt:
1006 2815 1130 2870 »Noctua
1155 2815 1214 2870 avis
1237 2813 1307 2869 lucis
1323 2832 1390 2884 pro·

289 2911 363 2981 fuga,
383 2912 407 2982 si
424 2910 500 2966 cauit
517 2914 582 2981 post
600 2911 665 2965 solis
682 2928 811 2966 occasum
829 2911 952 2981 pluviem
972 2909 1119 2982 significat.
1155 2910 1263 2964 Probus
1280 2909 1336 2978 ait;
1365 2909 1390 2963 si

290 3005 419 3062 intectis
437 3007 481 3062 vel
499 3007 530 3060 in
546 3007 693 3066 arboribus
718 3011 800 3062 canat
817 3025 887 3076 sero,
906 3007 1086 3062 serenitatem
1104 3005 1257 3078 significat«
1279 3006 1389 3074 (eadem

290 3101 348 3156 fere
375 3101 453 3157 Servi
477 3103 538 3157 cod.
564 3103 612 3172 qui
635 3103 831 3158 BurmannoG
854 3103 966 3174 dicitur,
991 3122 1062 3159 saec.
1087 3104 1194 3169 insert,
1219 3120 1283 3158 cum
1300 3101 1390 3156 Probi

289 3200 400 3254 nominc
415 3199 440 3253 h.
451 3199 468 3252 l.
480 3200 584 3269 habet),
605 3217 638 3254 ea
656 3218 719 3255 cum
737 3201 920 3255 commentari
938 3200 1027 3255 nostri
1045 3199 1138 3255 indole
1156 3201 1304 3266 tant-opere
1322 3215 1389 3252 con-

290 3299 402 3364 gruunt,
421 3301 526 3350 utnon
544 3295 670 3350 dubitem
688 3296 724 3350 ad
742 3313 806 3360 eum
822 3297 889 3349 olim
905 3279 1057 3366 pleniorem
1074 3293 1188 3348 referre.
1226 3291 1301 3359 Quae
1319 3309 1388 3347 vero

290 3387 465 3444 scholBern.
480 3389 515 3442 ed
526 3389 625 3458 Georg.
639 3387 686 3458 IV,
697 3389 749 3444 134
770 3389 804 3444 de
822 3388 960 3444 infinitivo
979 3407 1030 3459 pro
1047 3389 1211 3459 imperfecto
1227 3389 1319 3460 posito
1337 3387 1389 3444 ha-

288 3481 357 3536 bent
367 3483 403 3551 (r.
411 3499 437 3552 p.
446 3483 484 3550 8),
497 3498 529 3535 ce
536 3481 691 3536 utriProbo
701 3481 857 3538 adscribam
867 3481 966 3538 dubius
976 3484 1091 3540 haesito.
1109 3485 1260 3540 Iametiam
1268 3466 1388 3554 Pompo·

288 3576 350 3632 niun
361 3577 479 3632 Sabinus
497 3575 679 3648 proferendus
697 3581 748 3646 est,
766 3595 848 3647 quem
864 3596 927 3634 cum
943 3579 1011 3634 olim
1029 3580 1084 3634 riri
1101 3581 1178 3636 docti
1196 3579 1385 3651 locupletiore

289 3689 372 3743 quam
401 3690 451 3728 nos
477 3673 573 3729 codice
589 3691 671 3728 ιιιιιιιι
696 3691 757 3730 esse
781 3675 997 3746 suspicarentur,
1020 3692 1095 3732 nuuc
1120 3674 1231 3732 demum
1255 3675 1349 3732 Probo
1370 3693 1388 3730 a

287 3765 380 3822 Keilio
395 3772 523 3824 accurate
533 3768 609 3824 edito
625 3769 729 3826 eisdem
746 3786 814 3838 quas
826 3787 877 3824 nos
892 3769 1024 3826 hebemus
1035 3767 1122 3838 copiis
1139 3768 1385 3839 circumscriptum

288 3863 374 3919 fuisse
392 3868 516 3935 apparet.
554 3864 609 3920 Sed
631 3866 702 3919 mira
727 3864 864 3920 dubitatio
888 3867 991 3932 manet,
1017 3880 1080 3918 cum
1100 3863 1182 3919 unius
1199 3865 1255 3920 loci
1273 3864 1386 3936 (Pomp.

288 3957 351 4015 sab.
370 3960 405 4015 ad
420 3960 520 4032 Georg.
539 3960 585 4030 IV,
594 3962 661 4016 367:
688 3959 761 4028 „Hoc
781 3958 848 4014 dicit
871 3962 904 4012 ut
926 3961 1026 4028 tangat
1044 3957 1201 4029 opinionem
1220 3977 1317 4016 eorum
1335 3961 1388 4030 qui

287 4054 385 4112 dicunt
403 4057 495 4110 omnia
511 4055 626 4111 flumina
642 4055 745 4110 habere
766 4071 850 4109 unam
868 4053 1005 4124 originem
1022 4058 1055 4109 nt
1068 4055 1196 4110 meminit
1213 4055 1330 4125 Probus,
1357 4061 1389 4112 et

286 4156 386 4224 postea
405 4152 463 4208 labi
488 4165 540 4224 per
557 4153 635 4208 varia
657 4145 720 4207 loos
738 4155 767 4207 et
785 4150 875 4206 rarior
893 4148 1016 4220 origines
1033 4167 1094 4206 erse
1113 4150 1223 4206 crinales
1248 4150 1387 4221 quosdam

287 4245 335 4321 qui
354 4263 388 4303 ex
405 4245 458 4304 hoc
488 4244 565 4303 fonte
583 4246 670 4302 voluti
688 4243 779 4320 capite
800 4244 976 4303 deducuntur
991 4249 1135 4316 tamquam
1152 4247 1308 4318 membra«)
1329 4247 1389 4304 cri·
