2998 4692
837 309 876 375 14

305 498 405 558 estut
421 490 653 578 mythologicis
667 492 899 578 geographicis
917 493 1141 558 astronomicis
1156 494 1300 582 physicis
1318 497 1424 562 aliis-
1490 513 1491 570 l

305 619 368 684 que
400 601 497 666 rebus
527 599 646 664 librum
678 601 837 666 refertum
866 601 1053 684 habeamus,
1084 601 1126 666 ad
1156 606 1424 687 grammaticam
1490 581 1491 598 ,

307 707 389 776 duae
403 707 720 777 tantumsententiae
743 730 865 798 eaeque
888 731 955 776 non
979 733 1077 799 supra
1100 709 1234 777 modum
1255 715 1423 780 eruditae

305 825 453 904 spectent
467 816 522 900 (ad
533 816 606 883 Ecl.
617 818 648 899 4,
662 816 703 880 58
720 816 776 882 ubi
793 818 967 884 verborum
982 819 1161 886 iterationis
1174 820 1237 886 tria
1250 828 1425 912 exempla
1490 829 1491 904 l

306 924 516 1016 proferuntur
538 946 600 1008 ,ne
623 925 663 990 sit
686 925 803 991 mirum
825 926 879 990 hic
901 948 1030 1014 quoque
1052 927 1257 994 iterationem
1272 954 1290 994 a
1304 941 1424 1017 pocta

305 1035 563 1120 frequentatam“
587 1045 619 1098 et
633 1033 675 1098 ad
688 1033 812 1120 Georg.
826 1037 857 1119 Ι,
872 1036 926 1099 7οἐ
950 1034 1137 1120 „adspirant
1157 1037 1310 1104 harenam
1326 1041 1423 1126 quia
1490 1087 1491 1096 ι

304 1143 447 1228 haereat,
470 1142 522 1208 cui
544 1139 662 1222 ἔτυμον
685 1142 872 1208 adiunctum
898 1153 946 1207 est
970 1143 1056 1228 quod
1079 1143 1176 1208 etiam
1198 1145 1317 1231 haurit,
1337 1147 1420 1214 hoc
1490 1139 1491 1222 i

305 1251 408 1318 estin
431 1273 466 1318 se
493 1259 662 1342 receptum
685 1252 858 1317 humorem
885 1251 1029 1335 trahit“).
1073 1253 1250 1319 Praeterea
1271 1253 1419 1322 Graeca
1490 1307 1491 1332 ,

304 1383 536 1447 nonnunquam
558 1361 716 1426 vocabula
739 1370 910 1426 vertuntur
931 1359 1016 1444 (Ecl.
1030 1359 1061 1445 2,
1079 1360 1141 1425 61:
1165 1359 1295 1422 πάλλειν
1314 1366 1419 1430 enim
1490 1357 1491 1414 i

305 1481 436 1560 quatere
465 1479 583 1536 vocant
617 1469 748 1538 Graeci.
780 1470 808 1553 7,
837 1469 893 1534 61:
923 1469 1061 1535 Alcides
1090 1460 1251 1536 Hercules
1274 1509 1316 1518 -
1337 1468 1417 1534 ἀπὸ
1490 1485 1491 1546 }

303 1579 358 1658 τῆς
377 1575 475 1661 α’λκῆς
497 1578 532 1643 id
565 1589 613 1644 est
643 1577 842 1644 fortitudine.
872 1576 969 1642 ibid.:
995 1573 1084 1660 Ἥρα
1115 1601 1211 1665 quam
1239 1580 1419 1646 Iunonem
1490 1591 1491 1596 ’

304 1686 452 1754 dicimus.
475 1685 600 1774 Georg.
624 1687 653 1772 Ι,
674 1687 729 1752 11:
765 1687 915 1770 Quercus
945 1685 1073 1753 Graece
1102 1687 1285 1774 appellatur
1314 1687 1416 1770 δρῦς,
1490 1699 1491 1706 “

306 1791 373 1876 ἅμα
403 1795 564 1880 significat
587 1796 692 1862 simul.
718 1797 748 1879 Ι,
769 1795 827 1861 67:
862 1790 974 1878 ἄρκτος
996 1796 1083 1860 enim
1105 1796 1236 1864 Graece
1257 1819 1331 1862 ursa
1357 1797 1417 1862 di-
1490 1825 1491 1876 f

305 1904 398 1988 citur,
421 1903 524 1970 cauda
556 1901 645 1986 οὖρά.
674 1905 701 1987 I,
725 1906 782 1970 78:
816 1904 898 1986 λήθη
925 1913 973 1970 est
1002 1903 1088 1970 enim
1120 1905 1241 1970 oblivio
1265 1905 1340 1990 etc.)
1374 1920 1416 1974 et
1490 1885 1491 1912 i

304 2012 382 2078 talia
402 2012 534 2100 quidem
558 2013 665 2099 qualia
676 2015 778 2081 Probi
800 2023 957 2100 ternpore,
981 2013 1130 2082 Graecae
1153 2015 1318 2080 etiamtum
1339 2017 1414 2084 lin-

304 2142 390 2205 guae
417 2122 531 2187 studiis
559 2122 763 2208 vigentibus,
791 2121 886 2208 pueri
915 2121 980 2186 iam
1007 2121 1194 2208 Vergilium
1224 2130 1413 2194 tractantes

304 2229 454 2296 naniam
477 2230 635 2296 edocendi
658 2240 750 2307 erant
763 2229 799 2314 ¹).
843 2226 912 2296 Sed
933 2240 969 2295 ut
994 2230 1059 2295 sint
1085 2229 1141 2294 illa
1162 2231 1201 2295 ab
1223 2229 1411 2318 interpola-

303 2346 375 2402 tore
398 2347 512 2424 postea
531 2336 641 2402 addita
662 2375 701 2384 --
723 2339 794 2404 fieri
815 2339 958 2426 potuisse
981 2361 1050 2408 non
1067 2347 1147 2425 puto
1169 2348 1207 2404 ut
1230 2361 1271 2404 ex
1291 2361 1411 2424 gram-

303 2445 414 2511 matici
428 2445 527 2510 Probi
549 2447 785 2512 commentariis
799 2445 852 2510 hic
866 2457 977 2514 noster
990 2446 1044 2531 qui
1060 2444 1266 2534 philologum
1276 2447 1410 2534 ubique

303 2551 456 2636 ostendit,
470 2553 511 2620 sit
525 2563 708 2640 excerptus.
735 2553 938 2638 Quamquam
951 2555 1013 2620 hoc
1028 2576 1156 2640 quoque
1170 2564 1410 2640 argumentum

302 2682 369 2726 non
395 2683 508 2729 omnes
529 2662 665 2728 fortasse
684 2685 744 2752 pro
763 2662 944 2728 certissimo
967 2662 1144 2745 habebunt,
1166 2686 1241 2728 cum
1261 2663 1306 2728 ita
1326 2665 1409 2746 quis

301 2769 405 2857 possit
437 2780 644 2856 concertare,
682 2779 908 2858 excerptorem
940 2771 1037 2836 istum
1070 2771 1180 2836 dedita
1214 2793 1313 2859 opera
1342 2793 1407 2838 res

302 2879 529 2964 grammaticas
554 2901 632 2964 quas
656 2881 741 2968 apud
756 2879 900 2945 Probum
922 2877 1085 2944 invenerit
1097 2878 1298 2964 neglexisse,
1322 2879 1407 2944 reli-

303 3008 383 3073 quas
417 2995 544 3052 tantum
577 2985 800 3073 exscripsisse.
843 2984 910 3055 Sed
940 2987 1099 3051 succurrit
1127 2986 1208 3050 mihi
1234 3008 1287 3052 res
1319 2987 1406 3052 satis

303 3094 467 3179 notabilis,
490 3104 740 3160 commemorata
760 3094 817 3158 illa
842 3093 973 3179 quidem
995 3094 1059 3159 iam
1080 3119 1098 3160 a
1117 3094 1310 3180 Suringario
1332 3096 1353 3160 l.
1369 3118 1406 3161 c.

303 3203 342 3268 II
366 3201 405 3266 16
429 3201 572 3268 sednon
595 3201 672 3266 satis
695 3202 865 3283 illustrata,
887 3201 975 3287 quod
997 3224 1092 3287 quem
1114 3224 1215 3266 unum
1233 3201 1330 3267 Probi
1349 3203 1406 3267 lo-

307 3331 377 3374 cum
400 3311 486 3400 ipsas
509 3332 561 3375 res
583 3311 814 3399 respicientem
835 3309 928 3375 nobis
948 3319 1109 3375 servatum
1132 3331 1202 3374 esse
1222 3310 1309 3398 apud
1331 3310 1406 3378 Ma-

304 3420 392 3484 crob.
418 3418 486 3487 Sat.
508 3419 551 3503 V,
571 3417 612 3482 22
635 3442 732 3506 supra
755 3419 835 3505 dixi,
865 3417 892 3486 is
920 3419 954 3486 in
982 3419 1044 3485 hoc
1074 3418 1307 3484 commentario
1333 3439 1407 3485 non

303 3527 409 3592 solum
439 3549 506 3592 non
540 3534 646 3592 exstat
676 3525 772 3610 (haec
801 3529 835 3592 in
866 3538 1095 3617 excerptorem
1125 3527 1268 3593 conferri
1297 3527 1407 3615 possit

303 3634 424 3722 culpa),
453 3634 512 3699 sed
535 3657 577 3700 ne
601 3633 707 3722 potuit
731 3634 873 3720 quidem,
899 3643 935 3702 ut
963 3637 1125 3721 existimo,
1155 3635 1272 3700 inesse.
1316 3635 1408 3704 Sunt

261 3799 267 3812 ,
302 3763 415 3808 versus
437 3741 570 3827 Vergili
591 3741 626 3808 in
650 3739 776 3826 Georg.
798 3741 856 3808 ΙΙΙ
875 3741 933 3806 391
952 3765 1038 3828 sqq.:

401 3871 536 3914 munere
557 3848 603 3914 sio
626 3848 721 3914 niveo
742 3848 847 3932 lanae,
868 3850 895 3914 si
918 3849 1055 3914 credere
1078 3850 1257 3936 dignumst,

402 3957 472 4024 Pan
496 3956 575 4022 deus
599 3956 763 4022 Arcadiae
786 3966 911 4042 captam
934 3967 966 4020 to
989 3957 1083 4023 Luna
1106 3956 1235 4041 fefellit,

403 4067 438 4132 in
460 4087 595 4131 nemora
619 4066 683 4131 alta
701 4087 839 4147 vocans3
860 4086 921 4131 nce
945 4073 979 4132 tu
1005 4075 1178 4152 aspernata
1198 4075 1379 4134 vocantem.
1490 4083 1491 4122 l

306 4179 642 4281 *ml-ffiffiemhardy
659 4211 740 4267 Ram.
758 4211 938 4266 Litt-Gesoh.
959 4210 1001 4265 ed·
1019 4214 1109 4280 qum·
1122 4229 1149 4280 P·
1161 4209 1204 4264 8¹·
1223 4207 1348 4278 611187·
