2998 4692
833 321 873 384 10

305 505 441 572 Mallote
462 527 495 592 p.
519 505 562 590 7).
607 501 794 594 Scriptores
815 523 893 572 ‘eum
918 507 1059 574 edidisse
1081 507 1267 594 Vergilium
1288 521 1322 576 et
1343 513 1413 580 Te-

306 612 448 678 rentium
469 633 512 677 ex
534 610 650 678 Servio
674 614 849 680 etDonato
872 613 1007 696 scimus3
1027 613 1216 700 Vergilium
1228 616 1412 684 Horatium
1494 637 1495 662 1

304 722 495 788 Lucretium
507 721 702 786 anecdotum
718 732 956 788 commemorat.
992 722 1142 788 Persium
1165 725 1205 788 ab
1228 745 1266 790 co
1280 726 1410 792 editum

305 851 377 894 esse
401 850 509 916 neque
533 829 693 895 contendo
716 851 823 915 neque
845 853 967 917 negare
988 830 1104 914 audac,
1128 857 1201 897 cum
1223 843 1314 898 certa
1334 859 1411 902 non

304 947 435 1004 exstent
458 948 650 1024 argumenta
673 939 788 1024 quibus
810 940 877 1004 vita
899 940 993 1005 Persi
1015 962 1097 1024 quae
1127 940 1161 1006 in
1192 942 1285 1008 libris
1317 967 1409 1012 saec.

302 1046 355 1112 XI
379 1046 440 1129 „de
464 1047 695 1112 commentario
721 1048 822 1114 Probi
842 1048 954 1112 Valeri
976 1049 1120 1114 sublata“
1152 1049 1272 1116 dicitur
1294 1052 1324 1116 ei
1345 1054 1410 1118 ab·

302 1164 455 1242 rogetur3
486 1177 627 1247 namque
655 1178 723 1221 non
750 1157 876 1244 priscos
904 1166 1030 1222 tantum
1052 1179 1126 1222 eum
1155 1169 1313 1226 tractasse
1333 1160 1409 1228 iam

302 1264 458 1346 vidimus3
490 1265 573 1329 uitas
601 1274 708 1330 autem
739 1266 935 1354 scriptorum
970 1268 1119 1333 omnibus
1158 1271 1408 1337 commentariis

302 1372 363 1438 etsi
385 1372 420 1438 in
441 1373 521 1462 ipsis
541 1396 594 1438 res
619 1374 815 1440 enarrandas
840 1377 909 1440 fere
931 1376 1091 1461 neglexit,
1112 1399 1179 1441 non
1192 1387 1240 1442 est
1251 1401 1309 1444 cur
1323 1401 1409 1444 eum

264 1562 266 1566 .
301 1481 528 1568 praeposuisse
550 1503 721 1570 negemus,
744 1504 851 1568 neque
873 1483 1050 1571 quidquam
1070 1484 1106 1548 in
1128 1485 1189 1550 hac
1210 1485 1278 1552 rita
1297 1489 1408 1554 conti—

301 1600 398 1656 netur
423 1592 511 1679 quod
534 1593 574 1658 ab
595 1591 659 1656 alio
680 1601 777 1676 atque
796 1592 964 1679 scriptoris
986 1595 1113 1678 aequali
1127 1595 1312 1680 profectum
1325 1617 1409 1664 esse

301 1701 413 1789 possit.
445 1701 546 1766 Hisce
568 1700 778 1789 scriptoribus
800 1724 881 1788 quos
904 1701 1008 1766 edidit
1019 1724 1139 1788 agmen
1153 1703 1407 1772 nondumcom-

301 1811 425 1898 pletum
447 1831 519 1876 esse
542 1811 639 1875 facile
662 1811 873 1898 suspicamur,
905 1833 980 1874 cum
1006 1811 1103 1876 fuerit
1127 1812 1408 1899 diligentissimus

301 1927 334 1982 et
356 1917 563 2002 antiquorum
585 1919 638 2004 qui
661 1928 739 1982 tunc
762 1918 857 1983 foede
880 1919 1024 2004 neglecti
1052 1918 1276 2008 editoremque
1306 1926 1411 2008 quasi

300 2026 385 2091 ultro
407 2037 622 2115 provocantes
645 2027 797 2091 iacebant
817 2027 1071 2109 amantissimus3
1102 2037 1194 2094 certa
1214 2040 1323 2095 autem
1341 2055 1412 2097 no-

300 2135 388 2202 mina
409 2137 500 2202 nulla
527 2137 590 2202 iam
615 2145 692 2200 nota
714 2145 797 2202 suut.
818 2172 862 2184 -
884 2137 1039 2202 Aetatem
1063 2138 1177 2222 Probi,
1207 2161 1303 2223 quam
1330 2140 1411 2206 Rit-

300 2245 444 2312 scbelius
472 2246 507 2311 in
533 2245 688 2332 Parergis
712 2248 730 2312 I
753 2268 785 2332 p.
807 2245 869 2309 628
901 2255 934 2309 et
961 2245 1095 2310 Iahnius
1122 2247 1201 2312 ibid.
1224 2248 1260 2312 in
1288 2248 1410 2316 adnot.

299 2376 333 2441 p.
343 2355 405 2421 618
427 2357 466 2420 ab
479 2355 684 2442 Hieronymo
700 2365 823 2421 temere
843 2379 880 2420 ac
902 2355 992 2420 nulla
1003 2354 1127 2422 ratione
1138 2355 1280 2422 Neronis
1291 2365 1409 2425 aetate

299 2465 399 2530 fixam
424 2485 496 2529 esse
517 2475 732 2551 agnoverunt,
753 2463 932 2531 Domitiani
953 2464 1084 2527 saeculo
1103 2465 1309 2530 statuendam
1329 2486 1409 2532 oer-

299 2572 423 2638 tissimo
457 2572 615 2640 Martialis
647 2572 834 2638 testimonio
867 2572 1033 2649 docemur,
1077 2569 1133 2655 qui
1166 2570 1244 2655 (III,
1277 2571 1308 2653 2,
1342 2572 1407 2654 12)

299 2680 449 2746 libellum
470 2703 564 2746 suum
589 2703 686 2766 quem
705 2681 808 2746 amico
830 2679 960 2746 cuidam
981 2677 1111 2744 dedicat
1130 2678 1178 2744 sic
1193 2678 1407 2764 adloquitur:

301 2789 383 2874 „Illo
415 2789 545 2854 vindice
576 2812 637 2856 nec
662 2789 806 2854 Probum
836 2787 971 2852 timeto“
1004 2807 1046 2851 ex
1076 2808 1140 2870 quo
1168 2786 1408 2872 intellegimus

300 2909 333 2964 et
353 2899 499 2964 Probum
522 2907 601 2964 tunc
632 2899 782 2968 floruisse
809 2907 844 2962 et
873 2906 986 2985 poetas
1014 2896 1044 2960 ei
1072 2897 1223 2980 aequales
1250 2895 1408 2964 timuisse

299 3028 375 3073 acre
403 3030 466 3092 quo
497 3011 648 3076 utebatur
681 3007 849 3072 iudicium.
890 3004 968 3071 Non
999 3027 1121 3092 paucos
1154 3005 1251 3070 etiam
1283 3014 1407 3093 postea

299 3138 401 3181 annos
425 3138 499 3181 eum
525 3118 648 3182 vixisse
671 3139 714 3182 ex
739 3115 971 3205 adprobabile
996 3115 1126 3180 videtur
1156 3113 1244 3198 quod
1265 3113 1406 3182 Gellius

300 3228 355 3313 qui
376 3227 505 3294 circiter
527 3253 555 3294 a.
579 3228 641 3294 150
658 3249 690 3316 p.
714 3227 791 3294 (thr.
824 3227 964 3314 scripsit,
991 3227 1062 3314 ipse
1091 3249 1147 3294 eos
1175 3235 1311 3292 noverat
1339 3231 1405 3310 qui

298 3336 400 3430 Prcbi
432 3338 528 3402 amici
559 3340 699 3404 fuerant
749 3337 897 3404 Mortuus
934 3345 1005 3401 erat
1037 3360 1112 3401 cum
1143 3335 1321 3402 Suetonius
1353 3335 1404 3404 de

298 3442 518 3528 grammaticis
551 3443 701 3508 libellum
732 3444 925 3531 composuit,
959 3444 1046 3530 quod
1076 3442 1184 3532 ipsum
1213 3465 1277 3530 quo
1309 3465 1402 3512 anno

298 3551 422 3618 factum
444 3552 487 3618 sit
505 3552 678 3619 nescimus.

725 3769 983 3776 ——.--.--—.-—-

382 3986 454 4051 Iam
473 3983 608 4048 tandem
630 3993 803 4074 postquam
823 3984 936 4050 Valeri
962 3983 1065 4050 Probi
1090 3983 1268 4068 imaginem
1296 4003 1399 4066 quan-

301 4095 376 4160 dam
399 4101 556 4178 quantum
577 4095 669 4182 potui
689 4117 732 4160 ex
756 4105 904 4160 veterum
924 4090 1114 4158 testimoniis
1138 4091 1318 4177 depingere
1341 4113 1397 4154 co-

299 4211 396 4268 natus
417 4219 500 4286 sum,
521 4225 604 4291 opus
624 4202 801 4290 adgrediar
816 4201 904 4290 qued
915 4200 995 4266 mibi
1010 4199 1166 4288 proposui
1178 4209 1215 4264 ut
1238 4197 1294 4283 qui
1309 4220 1395 4266 unus
