2998 4692
640 355 679 422 15

108 548 174 630 „In
193 545 257 610 hoc
277 544 371 610 loco“
396 543 440 609 ait
461 539 645 610 Macrobius
668 538 840 622 ,Valerius
862 535 989 602 Probus
1021 535 1071 599 vir
1102 532 1208 620 perte-

108 653 276 719 ctissimus
296 660 386 715 notat
409 649 536 714 nescire
559 669 594 714 se
617 647 700 712 hanc
719 644 886 710 historiam
907 643 974 708 sive
989 641 1208 726 fabulamque

109 762 234 828 referat
245 758 405 825 auctore.“
429 757 512 825 Inde
524 753 730 838 consequitur
740 754 842 842 ipsam
853 753 995 817 fabulam
1006 771 1088 838 quae
1099 749 1209 817 adum·

8 885 23 900 ¹·
109 871 226 934 bratur
248 867 353 954 magis
374 891 392 931 a
412 864 564 952 Vergilio
594 886 690 951 quam
712 871 861 930 narratur
880 860 988 925 Probo
1014 881 1080 923 non
1108 858 1208 924 fuisse

110 987 233 1044 notam.
277 975 366 1057 Quid
387 984 496 1040 autem
518 973 552 1038 in
577 969 805 1036 commentario
835 969 889 1057 qui
910 967 1011 1034 Probi
1033 967 1137 1032 fertur
1168 966 1209 1034 ad

111 1087 200 1150 hunc
223 1084 332 1149 locum
352 1081 499 1170 legitur?
525 1082 614 1164 „Pan
631 1079 776 1147 Mercuri
798 1077 883 1144 filius
903 1100 976 1142 cum
988 1076 1115 1143 Lunam
1136 1097 1210 1140 con·

111 1193 257 1279 cupisset
285 1201 317 1258 et
346 1191 483 1256 haberet
507 1189 664 1276 optimum
693 1209 805 1274 pecus,
830 1195 986 1273 poscente
1017 1206 1054 1250 ea
1084 1193 1211 1271 partem

113 1301 242 1391 pecoris
264 1324 324 1388 pro
349 1299 522 1364 concubitu
547 1298 664 1364 dicitur
686 1295 850 1384 pollicitus
874 1303 906 1360 et
928 1295 1008 1360 duas
1030 1302 1139 1380 partes
1163 1293 1210 1356 fe-

112 1411 198 1476 cisse
221 1429 371 1494 gregem,
394 1429 529 1490 quarum
548 1406 683 1470 alteram
705 1403 925 1469 candidiorem
943 1401 1001 1466 sed
1015 1400 1110 1465 lanae
1126 1421 1210 1464 cras-

112 1518 227 1584 sioris:
250 1517 377 1582 Lunam
399 1514 569 1600 deceptam
592 1512 733 1578 candore
756 1511 899 1578 deterius
919 1532 1019 1596 pecus
1036 1507 1210 1574 abduxisse

112 1635 212 1712 poeta
235 1623 427 1710 significat.“
472 1623 579 1706 Quam
599 1620 767 1686 historiam
786 1621 853 1684 sive
870 1619 904 1685 in
919 1637 1112 1704 quocunque
1127 1615 1210 1680 libr-o

112 1734 177 1800 iste
202 1733 347 1820 repperit
358 1730 427 1797 sive
440 1730 746 1816 quodverisimilius
767 1739 816 1795 est
836 1729 907 1815 ipsc
930 1727 992 1793 sibi
1013 1725 1108 1791 finxit
1132 1726 1212 1809 (non

113 1864 190 1908 raro
222 1842 309 1906 enim
341 1842 435 1907 illum
467 1840 589 1927 speciei
620 1848 746 1904 tantum
778 1837 970 1903 eruditionis
1001 1841 1211 1923 appetentem

113 1951 201 2019 fictis
225 1972 260 2015 se
280 1949 518 2014 narrationibus
547 1969 706 2012 exornare
728 1947 812 2011 infra
833 1945 1052 2029 videbimus):
1086 1951 1213 2010 eertum

113 2068 165 2124 est
199 2079 274 2124 eum
306 2059 414 2146 specie
447 2058 555 2144 aliqua
586 2055 729 2121 voluisse
757 2054 849 2119 indui
882 2053 973 2138 quasi
1006 2047 1075 2118 rem
1101 2063 1211 2120 notam

113 2175 252 2248 teneret,
276 2166 364 2253 quod
388 2189 460 2230 eum
481 2165 631 2230 Valerius
653 2164 780 2231 Probus
802 2161 1212 2246 noluerit,ignorationcm

111 2283 150 2339 ut
160 2274 301 2339 vidimus
312 2273 414 2338 libere
428 2274 594 2356 confitens,
603 2271 812 2358 consequitur
824 2271 873 2355 (ut
883 2269 1067 2336 cautissime
1076 2291 1212 2357 progre-

113 2381 198 2466 diar)
211 2383 295 2446 hanc
306 2381 435 2469 quidem
454 2379 695 2446 adnotationem
711 2401 778 2443 non
796 2399 867 2444 esse
878 2378 917 2442 ab
933 2399 971 2444 eo
984 2376 1211 2465 conscriptam.

199 2488 256 2556 Ad
280 2489 419 2554 alterum
440 2490 506 2554 iam
533 2497 630 2576 caput
652 2487 887 2552 transeundum
909 2495 968 2568 est,
996 2496 1032 2552 ut
1055 2509 1130 2550 cum
1156 2484 1213 2551 illo

120 2618 186 2685 quo
216 2599 342 2663 Probus
374 2598 456 2662 vixit
486 2606 634 2684 tempore
668 2596 755 2660 hunc
785 2595 1053 2660 commentarium
1083 2592 1215 2658 minime

116 2727 303 2790 congruere
337 2705 561 2770 demonstrare
596 2726 704 2770 coner.
754 2705 956 2789 Quamquam
988 2704 1051 2769 hoc
1084 2700 1215 2787 quidem

114 2814 193 2878 nolo
216 2835 376 2901 premere,
396 2813 630 2898 antiquioribus
645 2813 879 2900 interpretibus
897 2812 1018 2900 (neque
1032 2811 1065 2876 id
1081 2808 1214 2878 minime

115 2931 153 2985 ut
168 2943 267 3008 supra
280 2921 423 2986 diximus
435 2921 570 2987 Valerio
584 2921 707 3006 Probo)
732 2941 828 2986 curae
846 2921 946 2986 fuisse
966 2931 1002 2984 ut
1022 2944 1088 2987 non
1109 2924 1215 2988 solum

117 3029 296 3117 scriptores
317 3029 446 3094 curiose
468 3039 501 3094 et
514 3029 689 3115 diligenter
703 3031 928 3114 explanarent,
952 3029 1120 3096 sedetiam
1134 3032 1216 3098 iudi·

116 3139 203 3204 cium
230 3137 270 3204 de
291 3137 429 3222 singulis
451 3136 531 3203 locis
555 3137 702 3202 facerent
726 3136 887 3203 laudando
913 3139 968 3202 vel
987 3161 1054 3204 non
1074 3161 1149 3204 raro
1169 3141 1217 3204 vi-

116 3245 310 3332 tuperando,
333 3255 369 3310 ut
389 3245 452 3310 alia
467 3244 562 3310 nimis
582 3243 736 3329 breviter,
758 3245 842 3310 iusto
860 3245 1023 3334 copiosius
1039 3247 1102 3310 alia
1117 3268 1216 3314 enun-

116 3354 196 3420 tiata
210 3345 291 3450 esse,
313 3354 394 3418 utin
404 3378 464 3420 usu
475 3355 661 3438 verborum,
672 3355 706 3418 in
717 3355 950 3419 sententiarum
962 3355 1216 3442 constructione,

21 3451 27 3468 ⁸
115 3463 152 3527 in
173 3462 367 3538 tractatione
387 3485 498 3527 rerum
520 3463 636 3528 melius
658 3463 817 3547 quaedam
840 3463 894 3549 agi
908 3463 1053 3548 potuisse
1067 3465 1216 3532 ostende·

117 3580 203 3654 rent,
232 3569 324 3636 cuius
352 3569 485 3638 rationis
514 3571 667 3659 exempla
688 3593 730 3636 ex
749 3571 953 3658 Vergilianis
978 3572 1217 3638 commentariis

117 3680 221 3767 petita
242 3678 330 3768 apud
354 3679 501 3748 Gellium
520 3679 677 3746 invenies.
719 3680 839 3746 Postea
861 3701 940 3746 vero
965 3705 1027 3768 quo
1050 3681 1154 3768 magis
1175 3681 1215 3748 ab

115 3787 248 3868 illorum
272 3797 377 3854 aetate
397 3787 592 3854 recederent
615 3797 647 3852 et
672 3788 782 3852 vivida
804 3787 1003 3876 antiquitatis
1025 3790 1134 3876 imago
1160 3812 1215 3856 ex-

117 3895 335 3982 tingueretur,
352 3897 597 3982 studiorumque
612 3896 710 3963 simul
724 3906 756 3961 et
769 3896 936 3963 doetrinae
951 3897 1033 3964 fines
1047 3901 1217 3986 paullatim

119 4015 374 4094 coarctarentur,
407 4006 484 4070 satis
516 4016 585 4072 erat
617 4005 836 4092 grammaticis
866 4015 903 4071 ut
933 4006 1025 4072 illum
1055 4017 1218 4093 tamquam

119 4113 230 4180 divino
244 4115 384 4202 quodam
398 4115 513 4203 spiritu
524 4115 708 4204 praeditum
720 4124 957 4182 venerarentur
968 4127 1065 4202 atque
1078 4141 1097 4182 a
1110 4117 1216 4184 libero

120 4223 242 4291 iudicio
257 4247 391 4312 prorsus
407 4223 617 4309 abstinerent,
632 4246 694 4309 qua
709 4224 750 4291 dc
765 4247 862 4290 causa
872 4223 1002 4309 Vergili
1014 4225 1216 4311 potissimum

1052 4401 1080 4418 x
