2998 4692
636 375 672 438 11

102 560 165 623 sub
190 559 259 624 eius
281 559 412 625 nomine
436 558 684 624 commentarius
708 559 805 622 hodic
828 577 956 642 quoque
978 555 1204 620 circumfertur

103 689 172 752 quo
205 669 275 733 iure
306 671 335 734 ei
369 669 564 734 attribuatur
593 677 788 757 perscruter.
831 669 885 736 De
916 688 954 730 ca
980 685 1016 730 rc
1043 672 1079 728 ut
1111 661 1203 726 multi

102 777 169 840 iam
193 777 253 841 viri
277 778 364 842 docti
387 776 581 842 sententiam
605 777 762 861 tulerunt,
783 777 864 840 1111
885 775 1051 863 plerisque
1073 793 1133 860 per
1150 793 1203 837 oo·

105 885 270 950 casionem
293 895 418 950 tantum
440 885 584 951 breviter
605 893 637 949 et
659 886 796 950 strictim
817 885 880 950 hoc
902 885 1023 948 factum
1046 889 1105 947 111.
1134 880 1203 946 Ρ11-

107 1015 180 1059 mus
195 995 416 1083 supposititios
429 1017 499 1060 esse
510 993 553 1058 H.
564 993 750 1082 Stephanus
762 994 933 1076 iudicavit;
957 992 1044 1057 idem
1053 989 1204 1058 Fabricio

76 1086 79 1090 ⁵
105 1103 229 1190 placuit
251 1103 451 1190 Heynicque
482 1103 535 1186 qui
557 1125 661 1190 pauca
683 1111 806 1167 tantum
828 1103 862 1167 in
884 1103 947 1166 hoo
971 1101 1203 1166 commentario

105 1209 215 1275 Probo
239 1210 339 1297 digna
362 1231 433 1276 esso
457 1212 591 1276 censuit.
637 1210 760 1278 Contra
781 1210 995 1276 Ruhnkenius
1016 1210 1121 1274 libelli
1149 1232 1203 1274 an·

107 1327 233 1383 ctorem
256 1319 524 1405 „grammaticum
546 1319 617 1404 ipso
631 1318 747 1387 Servio
770 1319 970 1383 doctiorem“
994 1328 1026 1382 et
1049 1318 1203 1402 antiquis-

109 1426 227 1491 simum
262 1435 366 1515 putat.
420 1427 531 1512 Heyni
566 1427 759 1491 sententiam
789 1425 1000 1513 Suringarius
1034 1427 1204 1514 amplexus
1253 1425 1260 1438 '

106 1543 165 1600 111.
211 1533 363 1602 Osannus
387 1535 503 1613 (Beitr.
526 1561 554 1602 z.
575 1535 794 1602 Litt-Gesch.
817 1535 855 1601 II
877 1535 938 1600 272
953 1535 1036 1619 sqq.)
1061 1555 1135 1598 cum
1157 1533 1206 1598 nil

107 1641 190 1706 certi
205 1643 402 1708 constituere
415 1643 505 1725 velit,
530 1654 640 1708 tamen
656 1645 903 1709 fundamentum
918 1643 1081 1731 quoddam
1096 1642 1204 1729 operis

106 1749 149 1814 ad
163 1750 335 1837 Berytium
356 1752 473 1817 referri
498 1775 594 1841 posse
615 1762 718 1840 putat,
741 1752 828 1840 quod
853 1751 1001 1838 plurimis
1023 1761 1135 1840 postea
1156 1753 1204 1815 in·

108 1859 379 1946 terpolationibus
400 1861 441 1926 sit
463 1863 680 1947 superfusum.
723 1859 910 1948 Vergilium
932 1885 951 1924 a
970 1861 1080 1926 Probo
1102 1861 1205 1949 expli·

110 1975 220 2032 catum
234 1989 305 2033 esse
318 1968 450 2033 omnino
466 1968 598 2054 negavit
611 1967 804 2057 Schopenus
827 1968 883 2053 (de
894 1969 1026 2034 Terent.
1041 1978 1073 2032 ot
1085 1969 1206 2035 Donat.

111 2099 144 2162 p.
164 2075 230 2154 31).
273 2075 402 2140 Primus
424 2083 533 2138 autem
553 2097 620 2140 non
643 2075 761 2140 leviter
774 2084 807 2138 11
826 2073 917 2162 quasi
934 2074 1126 2158 intransitu,
1149 2077 1207 2142 sed

114 2184 318 2270 argumentis
346 2183 474 2248 curiose
504 2182 694 2249 examinatis
718 2185 801 2248 hanc
823 2183 1046 2268 quaestionem
1070 2182 1111 2251 O.
1132 2186 1207 2252 Iah-

109 2291 184 2356 nius
211 2289 245 2354 in
276 2291 434 2378 Prolegg.
469 2289 509 2354 ad
540 2291 631 2356 Pers.
664 2315 695 2378 p.
726 2290 835 2358 CXLI
855 2314 925 2378 sqq.
958 2292 1119 2376 tractavit,
1151 2291 1207 2378 qui

110 2399 234 2464 duabus
254 2399 294 2463 de
316 2399 421 2464 causis
441 2399 542 2485 ipsius
554 2397 668 2462 Valeri
679 2399 781 2465 Probi
796 2399 1073 2490 commentarium,
1097 2422 1206 2488 quam·

109 2529 205 2592 quam
227 2530 294 2572 non
315 2508 458 2593 genuina
478 2508 593 2591 forma,
617 2509 675 2573 sed
699 2518 890 2598 excerptum
903 2509 1088 2596 passimque
1108 2509 1208 2574 inter-

107 2617 253 2704 polatum
286 2637 344 2680 uos
374 2616 544 2703 possidere
574 2626 702 2700 censet,
736 2616 878 2703 primum
909 2618 982 2702 quia
1012 2617 1207 2706 scriptorum

109 2723 166 2811 qui
188 2723 280 2788 multi
302 2724 347 2788 ibi
369 2725 589 2811 proferuntur,
612 2725 694 2790 nulli
715 2727 801 2813 quod
823 2727 959 2791 sciamus
980 2725 1080 2791 Probi
1100 2735 1206 2790 aetate

107 2833 309 2899 recentiores
332 2833 404 2918 sint,
429 2834 548 2898 deinde
573 2833 646 2918 quia
666 2835 701 2900 in
722 2835 820 2900 rebus
843 2834 1021 2900 tractandis
1045 2833 1206 2919 scriptori-

108 2944 234 3030 busque
267 2942 441 3007 afferendis
472 2951 559 3006 tanta
591 2943 633 3008 sit
669 2944 816 3009 doctrina
847 2943 1000 3025 adhibita,
1031 2951 1066 3008 ut
1095 2942 1158 3008 nisi
1188 2965 1206 3006 1

108 3050 320 3138 grammatico
344 3049 520 3114 admodum
541 3051 672 3138 antiquo
695 3074 762 3117 non
782 3053 885 3138 possit
908 3073 978 3117 esse
1001 3049 1205 3137 compositus.

107 3157 201 3224 Idem
224 3158 293 3222 fere
314 3157 479 3243 Bergkius
510 3159 607 3222 sentit
638 3158 732 3242 (diar.
756 3159 854 3244 antiq.
875 3160 936 3223 litt.
964 3157 1045 3224 1845
1066 3178 1097 3245 p.
1121 3157 1206 3243 127),

107 3268 142 3333 in
165 3289 227 3354 quo
249 3266 312 3331 hoo
336 3289 436 3330 unum
457 3267 558 3331 miror
580 3266 666 3355 quod
689 3289 762 3331 oum
788 3267 858 3356 ipse
881 3267 972 3332 brevi
1001 3275 1125 3330 tantum
1151 3265 1206 3330 ad·

109 3375 274 3441 notatione
297 3374 441 3440 Probum
463 3397 558 3439 usum
582 3397 652 3439 esse
676 3374 851 3439 contendat
874 3374 910 3460 (l.
932 3397 960 3440 c.
981 3397 1013 3461 p.
1036 3374 1206 3457 121131),

107 3503 176 3548 non
197 3493 306 3548 tamen
327 3481 452 3546 dubitat
474 3482 571 3546 etiam
593 3481 801 3566 longissimas
824 3481 1036 3546 commentari
1062 3482 1205 3569 explica·

107 3590 214 3656 tiones
243 3591 351 3656 eidem
380 3589 579 3654 adscribere.
624 3590 795 3655 Postremo
819 3589 1109 3656 Reifferscheidius
1139 3590 1204 3674 (ed.

108 3697 245 3764 Sueten.
268 3721 300 3785 p.
321 3697 398 3783 398)
420 3697 537 3764 Iahnio
559 3697 775 3786 adstipulatus
797 3707 855 3763 est.

192 3805 475 3891 Argumentorum
497 3806 612 3889 quibus
634 3805 668 3870 hi
690 3805 753 3870 viri
776 3805 863 3870 docti
887 3806 1036 3870 nituntur
1056 3805 1206 3889 alterurn,

107 3935 247 4000 magnae
270 3913 459 3978 eruditionis
481 3914 666 3980 testimonia
695 3936 756 4003 per
778 3913 866 3978 hunc
890 3915 1006 3979 librum
1037 3935 1109 3979 esse
1141 3915 1204 3978 dis-

108 4043 214 4108 persa,
240 4021 348 4086 statim
376 4022 477 4086 multa
499 4045 541 4088 ex
564 4032 656 4109 parte
678 4022 926 4087 concedendum
947 4031 996 4086 est
1026 4023 1098 4106 (sed
1120 4021 1206 4084 infra

109 4152 148 4194 eo
170 4129 365 4214 revertam);
390 4131 527 4195 alterum
549 4141 667 4215 autem,
691 4140 840 4197 auctores
853 4129 953 4196 Probi
974 4139 1080 4195 aetate
1092 4151 1205 4195 recen·

108 4236 208 4304 tiores
231 4237 339 4306 nullos
363 4238 495 4322 adferri,
518 4261 584 4305 una
609 4239 746 4306 fortasse
775 4261 821 4322 re,
842 4247 941 4328 prout
962 4239 1003 4303 de
1025 4237 1205 4304 1111111111-
