<?xml version="1.0" encoding="UTF-8"?>
<!DOCTYPE html PUBLIC "-//W3C//DTD XHTML 1.0 Transitional//EN"
    "http://www.w3.org/TR/xhtml1/DTD/xhtml1-transitional.dtd">
<html xmlns="http://www.w3.org/1999/xhtml" xml:lang="en" lang="en">
 <head>
  <title>
</title>
<meta http-equiv="Content-Type" content="text/html;charset=utf-8" />
  <meta name='ocr-system' content='tesseract 3.04.00' />
  <meta name='ocr-capabilities' content='ocr_page ocr_carea ocr_par ocr_line ocrx_word'/>
</head>
<body>
  <div class='ocr_page' id='page_1' title='image "./decommentariove00riesgoog_0025.png"; bbox 0 0 2998 4692; ppageno 0'>
   <div class='ocr_carea' id='block_1_1' title="bbox 825 321 865 388">
    <p class='ocr_par' dir='ltr' id='par_1_1' title="bbox 825 321 865 388">
     <span class='ocr_line' id='line_1_1' title="bbox 825 321 865 388; baseline 0.05 -2"><span class='ocrx_word' id='word_1_1' title='bbox 825 321 865 388; x_wconf 88' lang='grc'><strong>18</strong></span> 
     </span>
    </p>
   </div>
   <div class='ocr_carea' id='block_1_2' title="bbox 263 504 1401 4283">
    <p class='ocr_par' dir='ltr' id='par_1_2' title="bbox 263 504 1401 4283">
     <span class='ocr_line' id='line_1_2' title="bbox 380 504 1397 594; baseline -0.002 -19"><span class='ocrx_word' id='word_1_2' title='bbox 380 506 515 575; x_wconf 78' lang='lat' dir='ltr'><strong>Certum</strong></span> <span class='ocrx_word' id='word_1_3' title='bbox 544 505 646 594; x_wconf 83' lang='lat' dir='ltr'><strong>igitur</strong></span> <span class='ocrx_word' id='word_1_4' title='bbox 675 527 745 572; x_wconf 87' lang='grc'><strong>1111</strong></span> <span class='ocrx_word' id='word_1_5' title='bbox 775 516 866 593; x_wconf 89' lang='lat' dir='ltr'><strong>puto,</strong></span> <span class='ocrx_word' id='word_1_6' title='bbox 897 527 967 572; x_wconf 59' lang='lat' dir='ltr'><strong>non,</strong></span> <span class='ocrx_word' id='word_1_7' title='bbox 991 504 1078 572; x_wconf 90' lang='lat' dir='ltr'><strong>illius</strong></span> <span class='ocrx_word' id='word_1_8' title='bbox 1106 513 1233 572; x_wconf 83' lang='grc'><strong>1111111111</strong></span> <span class='ocrx_word' id='word_1_9' title='bbox 1261 509 1397 594; x_wconf 85' lang='lat' dir='ltr'><strong>generis</strong></span> 
     </span>
     <span class='ocr_line' id='line_1_3' title="bbox 294 615 1399 703; baseline 0.003 -23"><span class='ocrx_word' id='word_1_10' title='bbox 294 615 599 702; x_wconf 79' lang='lat' dir='ltr'><strong>interpolationibus</strong></span> <span class='ocrx_word' id='word_1_11' title='bbox 643 615 791 703; x_wconf 81' lang='lat' dir='ltr'><strong>qualibus</strong></span> <span class='ocrx_word' id='word_1_12' title='bbox 835 635 946 680; x_wconf 91' lang='lat' dir='ltr'><strong>omnes</strong></span> <span class='ocrx_word' id='word_1_13' title='bbox 978 622 1127 680; x_wconf 87' lang='lat' dir='ltr'><strong>veterum</strong></span> <span class='ocrx_word' id='word_1_14' title='bbox 1168 617 1399 683; x_wconf 86' lang='lat' dir='ltr'><strong>commentarii</strong></span> 
     </span>
     <span class='ocr_line' id='line_1_4' title="bbox 296 722 1397 792; baseline 0.002 -3"><span class='ocrx_word' id='word_1_15' title='bbox 296 733 423 791; x_wconf 80' lang='lat' dir='ltr'><strong>scatent</strong></span> <span class='ocrx_word' id='word_1_16' title='bbox 446 722 566 790; x_wconf 91' lang='lat' dir='ltr'><strong>librum</strong></span> <span class='ocrx_word' id='word_1_17' title='bbox 587 744 659 788; x_wconf 90' lang='lat' dir='ltr'><strong>esse</strong></span> <span class='ocrx_word' id='word_1_18' title='bbox 681 723 849 790; x_wconf 86' lang='lat' dir='ltr'><strong>foedatum</strong></span> <span class='ocrx_word' id='word_1_19' title='bbox 865 759 904 771; x_wconf 89' lang='lat'><em>-</em></span> <span class='ocrx_word' id='word_1_20' title='bbox 924 723 1165 789; x_wconf 85' lang='lat' dir='ltr'><strong>notissimarum</strong></span> <span class='ocrx_word' id='word_1_21' title='bbox 1185 745 1297 790; x_wconf 89' lang='lat' dir='ltr'><strong>rerum</strong></span> <span class='ocrx_word' id='word_1_22' title='bbox 1320 725 1397 792; x_wconf 90' lang='lat' dir='ltr'><strong>dico</strong></span> 
     </span>
     <span class='ocr_line' id='line_1_5' title="bbox 296 831 1398 923; baseline 0.003 -25"><span class='ocrx_word' id='word_1_23' title='bbox 296 835 432 898; x_wconf 88' lang='lat' dir='ltr'><strong>brevem</strong></span> <span class='ocrx_word' id='word_1_24' title='bbox 456 853 591 917; x_wconf 87' lang='lat' dir='ltr'><strong>eamque</strong></span> <span class='ocrx_word' id='word_1_25' title='bbox 604 855 672 898; x_wconf 90' lang='lat' dir='ltr'><strong>non</strong></span> <span class='ocrx_word' id='word_1_26' title='bbox 685 854 760 898; x_wconf 88' lang='lat' dir='ltr'><strong>raro</strong></span> <span class='ocrx_word' id='word_1_27' title='bbox 775 832 921 919; x_wconf 85' lang='lat' dir='ltr'><strong>ineptam</strong></span> <span class='ocrx_word' id='word_1_28' title='bbox 932 831 1187 917; x_wconf 83' lang='lat' dir='ltr'><strong>explicationem</strong></span> <span class='ocrx_word' id='word_1_29' title='bbox 1210 833 1311 918; x_wconf 81' lang='lat' dir='ltr'><strong>(quod</strong></span> <span class='ocrx_word' id='word_1_30' title='bbox 1323 835 1398 923; x_wconf 75' lang='lat' dir='ltr'><strong>plu·-</strong></span> 
     </span>
     <span class='ocr_line' id='line_1_6' title="bbox 295 940 1397 1028; baseline 0.002 -22"><span class='ocrx_word' id='word_1_31' title='bbox 295 941 386 1006; x_wconf 87' lang='lat' dir='ltr'><strong>ribus</strong></span> <span class='ocrx_word' id='word_1_32' title='bbox 407 941 562 1028; x_wconf 86' lang='lat' dir='ltr'><strong>persequi</strong></span> <span class='ocrx_word' id='word_1_33' title='bbox 582 963 648 1006; x_wconf 91' lang='lat' dir='ltr'><strong>non</strong></span> <span class='ocrx_word' id='word_1_34' title='bbox 671 963 752 1028; x_wconf 89' lang='lat' dir='ltr'><strong>opus</strong></span> <span class='ocrx_word' id='word_1_35' title='bbox 775 945 838 1022; x_wconf 87' lang='lat' dir='ltr'><strong>est)</strong></span> <span class='ocrx_word' id='word_1_36' title='bbox 864 977 904 992; x_wconf 83' lang='lat'><strong>-</strong></span> <span class='ocrx_word' id='word_1_37' title='bbox 926 940 984 1004; x_wconf 88' lang='lat' dir='ltr'><strong>sed</strong></span> <span class='ocrx_word' id='word_1_38' title='bbox 1004 940 1107 1005; x_wconf 88' lang='lat' dir='ltr'><strong>multo</strong></span> <span class='ocrx_word' id='word_1_39' title='bbox 1128 941 1296 1028; x_wconf 84' lang='lat' dir='ltr'><strong>graviores</strong></span> <span class='ocrx_word' id='word_1_40' title='bbox 1325 965 1397 1008; x_wconf 87' lang='lat' dir='ltr'><strong>mu-</strong></span> 
     </span>
     <span class='ocr_line' id='line_1_7' title="bbox 295 1048 1398 1137; baseline 0.003 -24"><span class='ocrx_word' id='word_1_41' title='bbox 295 1049 436 1114; x_wconf 90' lang='lat' dir='ltr'><strong>tationes</strong></span> <span class='ocrx_word' id='word_1_42' title='bbox 469 1048 641 1134; x_wconf 87' lang='lat' dir='ltr'><strong>pristinam</strong></span> <span class='ocrx_word' id='word_1_43' title='bbox 672 1049 780 1137; x_wconf 89' lang='lat' dir='ltr'><strong>operis</strong></span> <span class='ocrx_word' id='word_1_44' title='bbox 802 1051 941 1114; x_wconf 90' lang='lat' dir='ltr'><strong>formam</strong></span> <span class='ocrx_word' id='word_1_45' title='bbox 963 1048 1101 1114; x_wconf 84' lang='lat' dir='ltr'><strong>subiisse</strong></span> <span class='ocrx_word' id='word_1_46' title='bbox 1122 1048 1321 1134; x_wconf 84' lang='lat' dir='ltr'><strong>longissimis</strong></span> <span class='ocrx_word' id='word_1_47' title='bbox 1352 1072 1398 1116; x_wconf 85' lang='lat' dir='ltr'><strong>ex</strong></span> 
     </span>
     <span class='ocr_line' id='line_1_8' title="bbox 297 1156 1397 1246; baseline 0.002 -24"><span class='ocrx_word' id='word_1_48' title='bbox 297 1157 435 1222; x_wconf 89' lang='lat' dir='ltr'><strong>aliorum</strong></span> <span class='ocrx_word' id='word_1_49' title='bbox 457 1156 699 1223; x_wconf 87' lang='lat' dir='ltr'><strong>commentariis</strong></span> <span class='ocrx_word' id='word_1_50' title='bbox 719 1156 982 1222; x_wconf 81' lang='lat' dir='ltr'><strong>adnotationibus</strong></span> <span class='ocrx_word' id='word_1_51' title='bbox 1003 1156 1057 1221; x_wconf 93' lang='lat' dir='ltr'><strong>hic</strong></span> <span class='ocrx_word' id='word_1_52' title='bbox 1083 1156 1152 1222; x_wconf 91' lang='lat' dir='ltr'><strong>illic</strong></span> <span class='ocrx_word' id='word_1_53' title='bbox 1177 1157 1397 1246; x_wconf 87' lang='lat' dir='ltr'><strong>interpositis;</strong></span> 
     </span>
     <span class='ocr_line' id='line_1_9' title="bbox 296 1263 1398 1353; baseline 0.002 -23"><span class='ocrx_word' id='word_1_54' title='bbox 296 1266 428 1353; x_wconf 87' lang='lat' dir='ltr'><strong>iamque</strong></span> <span class='ocrx_word' id='word_1_55' title='bbox 453 1287 493 1331; x_wconf 91' lang='lat' dir='ltr'><strong>eo</strong></span> <span class='ocrx_word' id='word_1_56' title='bbox 516 1274 641 1332; x_wconf 88' lang='lat' dir='ltr'><strong>tantum</strong></span> <span class='ocrx_word' id='word_1_57' title='bbox 661 1265 732 1330; x_wconf 90' lang='lat' dir='ltr'><strong>iure</strong></span> <span class='ocrx_word' id='word_1_58' title='bbox 756 1264 827 1352; x_wconf 91' lang='lat' dir='ltr'><strong>quis</strong></span> <span class='ocrx_word' id='word_1_59' title='bbox 848 1264 956 1329; x_wconf 91' lang='lat' dir='ltr'><strong>Probo</strong></span> <span class='ocrx_word' id='word_1_60' title='bbox 978 1263 1166 1330; x_wconf 81' lang='lat' dir='ltr'><strong>adscribere</strong></span> <span class='ocrx_word' id='word_1_61' title='bbox 1197 1267 1328 1353; x_wconf 91' lang='lat' dir='ltr'><strong>poterit,</strong></span> <span class='ocrx_word' id='word_1_62' title='bbox 1358 1275 1398 1332; x_wconf 87' lang='lat' dir='ltr'><strong>ut</strong></span> 
     </span>
     <span class='ocr_line' id='line_1_10' title="bbox 298 1372 1398 1464; baseline 0.001 -24"><span class='ocrx_word' id='word_1_63' title='bbox 298 1374 389 1459; x_wconf 86' lang='lat' dir='ltr'><strong>quasi</strong></span> <span class='ocrx_word' id='word_1_64' title='bbox 418 1374 629 1440; x_wconf 82' lang='lat' dir='ltr'><strong>fundamenta</strong></span> <span class='ocrx_word' id='word_1_65' title='bbox 663 1373 821 1462; x_wconf 89' lang='lat' dir='ltr'><strong>quaedam</strong></span> <span class='ocrx_word' id='word_1_66' title='bbox 849 1375 890 1438; x_wconf 92' lang='lat' dir='ltr'><strong>ab</strong></span> <span class='ocrx_word' id='word_1_67' title='bbox 918 1373 975 1438; x_wconf 92' lang='lat' dir='ltr'><strong>illo</strong></span> <span class='ocrx_word' id='word_1_68' title='bbox 1001 1372 1097 1458; x_wconf 89' lang='lat' dir='ltr'><strong>iacta,</strong></span> <span class='ocrx_word' id='word_1_69' title='bbox 1123 1395 1258 1460; x_wconf 81' lang='lat' dir='ltr'><strong>magnas</strong></span> <span class='ocrx_word' id='word_1_70' title='bbox 1287 1385 1398 1464; x_wconf 88' lang='lat' dir='ltr'><strong>partes</strong></span> 
     </span>
     <span class='ocr_line' id='line_1_11' title="bbox 297 1479 1398 1572; baseline 0.002 -24"><span class='ocrx_word' id='word_1_71' title='bbox 297 1483 427 1550; x_wconf 86' lang='lat' dir='ltr'><strong>aliunde</strong></span> <span class='ocrx_word' id='word_1_72' title='bbox 452 1483 615 1570; x_wconf 88' lang='lat' dir='ltr'><strong>adpositas</strong></span> <span class='ocrx_word' id='word_1_73' title='bbox 639 1504 710 1548; x_wconf 90' lang='lat' dir='ltr'><strong>esse</strong></span> <span class='ocrx_word' id='word_1_74' title='bbox 734 1490 836 1568; x_wconf 90' lang='lat' dir='ltr'><strong>putet.</strong></span> <span class='ocrx_word' id='word_1_75' title='bbox 871 1479 941 1548; x_wconf 85' lang='lat' dir='ltr'><strong>Sed</strong></span> <span class='ocrx_word' id='word_1_76' title='bbox 959 1503 1002 1547; x_wconf 91' lang='lat' dir='ltr'><strong>ne</strong></span> <span class='ocrx_word' id='word_1_77' title='bbox 1012 1483 1138 1569; x_wconf 87' lang='lat' dir='ltr'><strong>primae</strong></span> <span class='ocrx_word' id='word_1_78' title='bbox 1150 1483 1282 1568; x_wconf 91' lang='lat' dir='ltr'><strong>quidem</strong></span> <span class='ocrx_word' id='word_1_79' title='bbox 1294 1485 1398 1572; x_wconf 88' lang='lat' dir='ltr'><strong>partia</strong></span> 
     </span>
     <span class='ocr_line' id='line_1_12' title="bbox 297 1591 1397 1680; baseline 0.001 -23"><span class='ocrx_word' id='word_1_80' title='bbox 297 1593 442 1658; x_wconf 89' lang='lat' dir='ltr'><strong>Probum</strong></span> <span class='ocrx_word' id='word_1_81' title='bbox 463 1591 576 1656; x_wconf 87' lang='lat' dir='ltr'><strong>haberi</strong></span> <span class='ocrx_word' id='word_1_82' title='bbox 596 1611 692 1678; x_wconf 89' lang='lat' dir='ltr'><strong>posse</strong></span> <span class='ocrx_word' id='word_1_83' title='bbox 715 1601 882 1656; x_wconf 78' lang='lat' dir='ltr'><strong>auctorem</strong></span> <span class='ocrx_word' id='word_1_84' title='bbox 904 1591 1105 1658; x_wconf 88' lang='lat' dir='ltr'><strong>demonstrat</strong></span> <span class='ocrx_word' id='word_1_85' title='bbox 1132 1593 1275 1680; x_wconf 89' lang='lat' dir='ltr'><strong>primum</strong></span> <span class='ocrx_word' id='word_1_86' title='bbox 1297 1593 1397 1658; x_wconf 89' lang='lat' dir='ltr'><strong>inter-</strong></span> 
     </span>
     <span class='ocr_line' id='line_1_13' title="bbox 298 1693 1395 1789; baseline 0 -23"><span class='ocrx_word' id='word_1_87' title='bbox 298 1701 449 1787; x_wconf 90' lang='lat' dir='ltr'><strong>pretandi</strong></span> <span class='ocrx_word' id='word_1_88' title='bbox 470 1701 553 1766; x_wconf 87' lang='lat' dir='ltr'><strong>ratic</strong></span> <span class='ocrx_word' id='word_1_89' title='bbox 579 1693 675 1786; x_wconf 85' lang='lat' dir='ltr'><strong>quam</strong></span> <span class='ocrx_word' id='word_1_90' title='bbox 694 1700 826 1786; x_wconf 88' lang='lat' dir='ltr'><strong>Vergili</strong></span> <span class='ocrx_word' id='word_1_91' title='bbox 849 1707 1121 1766; x_wconf 84' lang='lat' dir='ltr'><strong>commentatores</strong></span> <span class='ocrx_word' id='word_1_92' title='bbox 1151 1701 1207 1786; x_wconf 91' lang='lat' dir='ltr'><strong>qui</strong></span> <span class='ocrx_word' id='word_1_93' title='bbox 1235 1701 1306 1789; x_wconf 90' lang='lat' dir='ltr'><strong>ipso</strong></span> <span class='ocrx_word' id='word_1_94' title='bbox 1328 1702 1395 1766; x_wconf 88' lang='lat' dir='ltr'><strong>iam</strong></span> 
     </span>
     <span class='ocr_line' id='line_1_14' title="bbox 299 1807 1397 1896; baseline 0.001 -22"><span class='ocrx_word' id='word_1_95' title='bbox 299 1819 392 1875; x_wconf 90' lang='lat' dir='ltr'><strong>erant</strong></span> <span class='ocrx_word' id='word_1_96' title='bbox 420 1809 620 1896; x_wconf 87' lang='lat' dir='ltr'><strong>antiquiores</strong></span> <span class='ocrx_word' id='word_1_97' title='bbox 651 1807 794 1874; x_wconf 89' lang='lat' dir='ltr'><strong>tenuisse</strong></span> <span class='ocrx_word' id='word_1_98' title='bbox 821 1807 909 1874; x_wconf 91' lang='lat' dir='ltr'><strong>dicit.</strong></span> <span class='ocrx_word' id='word_1_99' title='bbox 951 1807 1093 1874; x_wconf 86' lang='lat' dir='ltr'><strong>Nomine</strong></span> <span class='ocrx_word' id='word_1_100' title='bbox 1124 1809 1257 1896; x_wconf 91' lang='lat' dir='ltr'><strong>quidem</strong></span> <span class='ocrx_word' id='word_1_101' title='bbox 1286 1810 1397 1875; x_wconf 90' lang='lat' dir='ltr'><strong>addito</strong></span> 
     </span>
     <span class='ocr_line' id='line_1_15' title="bbox 298 1916 1397 2006; baseline 0.002 -24"><span class='ocrx_word' id='word_1_102' title='bbox 298 1941 410 2000; x_wconf 90' lang='lat' dir='ltr'><strong>unum,</strong></span> <span class='ocrx_word' id='word_1_103' title='bbox 442 1927 479 1982; x_wconf 91' lang='lat' dir='ltr'><strong>ut</strong></span> <span class='ocrx_word' id='word_1_104' title='bbox 512 1917 663 2004; x_wconf 79' lang='lat' dir='ltr'><strong>diximus,</strong></span> <span class='ocrx_word' id='word_1_105' title='bbox 696 1916 876 1983; x_wconf 88' lang='lat' dir='ltr'><strong>Aemilium</strong></span> <span class='ocrx_word' id='word_1_106' title='bbox 908 1918 1055 2002; x_wconf 89' lang='lat' dir='ltr'><strong>Asprum</strong></span> <span class='ocrx_word' id='word_1_107' title='bbox 1089 1917 1231 2004; x_wconf 80' lang='lat' dir='ltr'><strong>profert3</strong></span> <span class='ocrx_word' id='word_1_108' title='bbox 1270 1919 1397 2006; x_wconf 88' lang='lat' dir='ltr'><strong>saepius</strong></span> 
     </span>
     <span class='ocr_line' id='line_1_16' title="bbox 300 2024 1397 2112; baseline 0.004 -23"><span class='ocrx_word' id='word_1_109' title='bbox 300 2034 409 2090; x_wconf 90' lang='lat' dir='ltr'><strong>autem</strong></span> <span class='ocrx_word' id='word_1_110' title='bbox 441 2025 483 2091; x_wconf 87' lang='lat' dir='ltr'><strong>cd</strong></span> <span class='ocrx_word' id='word_1_111' title='bbox 516 2025 713 2112; x_wconf 87' lang='lat' dir='ltr'><strong>interpretes</strong></span> <span class='ocrx_word' id='word_1_112' title='bbox 746 2035 872 2112; x_wconf 90' lang='lat' dir='ltr'><strong>spectat</strong></span> <span class='ocrx_word' id='word_1_113' title='bbox 905 2047 986 2111; x_wconf 89' lang='lat' dir='ltr'><strong>quos</strong></span> <span class='ocrx_word' id='word_1_114' title='bbox 1015 2024 1050 2089; x_wconf 91' lang='lat' dir='ltr'><strong>in</strong></span> <span class='ocrx_word' id='word_1_115' title='bbox 1081 2025 1267 2091; x_wconf 89' lang='lat' dir='ltr'><strong>universum</strong></span> <span class='ocrx_word' id='word_1_116' title='bbox 1294 2027 1397 2094; x_wconf 86' lang='lat' dir='ltr'><strong>verbo</strong></span> 
     </span>
     <span class='ocr_line' id='line_1_17' title="bbox 302 2133 1399 2221; baseline 0.004 -23"><span class='ocrx_word' id='word_1_117' title='bbox 302 2134 475 2221; x_wconf 63' lang='grc' dir='ltr'><strong>ᾖ(1111111111α</strong></span> <span class='ocrx_word' id='word_1_118' title='bbox 501 2135 672 2221; x_wconf 86' lang='lat' dir='ltr'><strong>significat.</strong></span> <span class='ocrx_word' id='word_1_119' title='bbox 714 2135 758 2200; x_wconf 88' lang='lat' dir='ltr'><strong>Et</strong></span> <span class='ocrx_word' id='word_1_120' title='bbox 781 2135 906 2200; x_wconf 89' lang='lat' dir='ltr'><strong>duobus</strong></span> <span class='ocrx_word' id='word_1_121' title='bbox 932 2133 1065 2221; x_wconf 89' lang='lat' dir='ltr'><strong>quidem</strong></span> <span class='ocrx_word' id='word_1_122' title='bbox 1086 2134 1166 2199; x_wconf 90' lang='lat' dir='ltr'><strong>locis</strong></span> <span class='ocrx_word' id='word_1_123' title='bbox 1189 2155 1232 2199; x_wconf 88' lang='lat' dir='ltr'><strong>ex</strong></span> <span class='ocrx_word' id='word_1_124' title='bbox 1254 2134 1399 2202; x_wconf 84' lang='lat' dir='ltr'><strong>fontibus</strong></span> 
     </span>
     <span class='ocr_line' id='line_1_18' title="bbox 299 2240 1399 2330; baseline 0.001 -23"><span class='ocrx_word' id='word_1_125' title='bbox 299 2255 366 2308; x_wconf 84' lang='lat' dir='ltr'><strong>non</strong></span> <span class='ocrx_word' id='word_1_126' title='bbox 388 2240 784 2308; x_wconf 83' lang='lat' dir='ltr'><strong>contemnendisfluxere</strong></span> <span class='ocrx_word' id='word_1_127' title='bbox 807 2263 889 2329; x_wconf 88' lang='lat' dir='ltr'><strong>quae</strong></span> <span class='ocrx_word' id='word_1_128' title='bbox 912 2265 931 2305; x_wconf 91' lang='lat' dir='ltr'><strong>a</strong></span> <span class='ocrx_word' id='word_1_129' title='bbox 957 2241 1188 2326; x_wconf 81' lang='lat' dir='ltr'><strong>,quibusdam“</strong></span> <span class='ocrx_word' id='word_1_130' title='bbox 1211 2243 1305 2308; x_wconf 87' lang='lat' dir='ltr'><strong>nobis</strong></span> <span class='ocrx_word' id='word_1_131' title='bbox 1329 2244 1399 2330; x_wconf 91' lang='lat' dir='ltr'><strong>qui-</strong></span> 
     </span>
     <span class='ocr_line' id='line_1_19' title="bbox 299 2348 1398 2439; baseline 0.002 -25"><span class='ocrx_word' id='word_1_132' title='bbox 299 2350 374 2414; x_wconf 92' lang='lat' dir='ltr'><strong>dem</strong></span> <span class='ocrx_word' id='word_1_133' title='bbox 395 2350 516 2436; x_wconf 89' lang='lat' dir='ltr'><strong>ignotis</strong></span> <span class='ocrx_word' id='word_1_134' title='bbox 537 2349 658 2435; x_wconf 87' lang='lat' dir='ltr'><strong>scripta</strong></span> <span class='ocrx_word' id='word_1_135' title='bbox 680 2349 772 2432; x_wconf 83' lang='lat' dir='ltr'><strong>dicit;</strong></span> <span class='ocrx_word' id='word_1_136' title='bbox 797 2349 838 2413; x_wconf 88' lang='lat' dir='ltr'><strong>ad</strong></span> <span class='ocrx_word' id='word_1_137' title='bbox 857 2348 927 2414; x_wconf 84' lang='lat' dir='ltr'><strong>Ecl.</strong></span> <span class='ocrx_word' id='word_1_138' title='bbox 950 2349 980 2432; x_wconf 86' lang='lat'><strong>6,</strong></span> <span class='ocrx_word' id='word_1_139' title='bbox 1003 2350 1041 2413; x_wconf 87' lang='lat'><strong>31</strong></span> <span class='ocrx_word' id='word_1_140' title='bbox 1064 2371 1096 2435; x_wconf 93' lang='lat' dir='ltr'><strong>p.</strong></span> <span class='ocrx_word' id='word_1_141' title='bbox 1121 2350 1177 2415; x_wconf 84' lang='lat'><strong>10:</strong></span> <span class='ocrx_word' id='word_1_142' title='bbox 1202 2351 1398 2439; x_wconf 87' lang='lat' dir='ltr'><strong>,Proprium</strong></span> 
     </span>
     <span class='ocr_line' id='line_1_20' title="bbox 299 2457 1398 2544; baseline 0.002 -22"><span class='ocrx_word' id='word_1_143' title='bbox 299 2459 335 2522; x_wconf 90' lang='lat' dir='ltr'><strong>in</strong></span> <span class='ocrx_word' id='word_1_144' title='bbox 354 2459 507 2544; x_wconf 85' lang='lat' dir='ltr'><strong>Vergilio</strong></span> <span class='ocrx_word' id='word_1_145' title='bbox 525 2466 580 2535; x_wconf 89' lang='grc' dir='ltr'><strong>Ι111</strong></span> <span class='ocrx_word' id='word_1_146' title='bbox 601 2467 638 2522; x_wconf 86' lang='lat' dir='ltr'><strong>nt</strong></span> <span class='ocrx_word' id='word_1_147' title='bbox 658 2458 741 2523; x_wconf 86' lang='lat' dir='ltr'><strong>nibil</strong></span> <span class='ocrx_word' id='word_1_148' title='bbox 762 2479 918 2544; x_wconf 85' lang='lat' dir='ltr'><strong>magnum</strong></span> <span class='ocrx_word' id='word_1_149' title='bbox 941 2479 999 2523; x_wconf 89' lang='lat' dir='ltr'><strong>sua</strong></span> <span class='ocrx_word' id='word_1_150' title='bbox 1009 2457 1204 2524; x_wconf 87' lang='lat' dir='ltr'><strong>auctoritate</strong></span> <span class='ocrx_word' id='word_1_151' title='bbox 1218 2461 1398 2544; x_wconf 84' lang='lat' dir='ltr'><strong>confirmet,</strong></span> 
     </span>
     <span class='ocr_line' id='line_1_21' title="bbox 299 2565 1399 2652; baseline 0.002 -22"><span class='ocrx_word' id='word_1_152' title='bbox 299 2567 358 2632; x_wconf 89' lang='lat' dir='ltr'><strong>sed</strong></span> <span class='ocrx_word' id='word_1_153' title='bbox 378 2576 432 2632; x_wconf 88' lang='lat' dir='ltr'><strong>aut</strong></span> <span class='ocrx_word' id='word_1_154' title='bbox 455 2591 474 2632; x_wconf 86' lang='lat' dir='ltr'><strong>a</strong></span> <span class='ocrx_word' id='word_1_155' title='bbox 494 2565 598 2633; x_wconf 84' lang='lat' dir='ltr'><strong>Musis</strong></span> <span class='ocrx_word' id='word_1_156' title='bbox 621 2575 790 2652; x_wconf 90' lang='lat' dir='ltr'><strong>acceptum</strong></span> <span class='ocrx_word' id='word_1_157' title='bbox 814 2566 901 2630; x_wconf 89' lang='lat' dir='ltr'><strong>dicat</strong></span> <span class='ocrx_word' id='word_1_158' title='bbox 923 2575 978 2630; x_wconf 91' lang='lat' dir='ltr'><strong>aut</strong></span> <span class='ocrx_word' id='word_1_159' title='bbox 1002 2565 1193 2630; x_wconf 87' lang='lat' dir='ltr'><strong>admirabile</strong></span> <span class='ocrx_word' id='word_1_160' title='bbox 1215 2565 1318 2631; x_wconf 84' lang='lat' dir='ltr'><strong>famae</strong></span> <span class='ocrx_word' id='word_1_161' title='bbox 1342 2569 1399 2632; x_wconf 83' lang='lat' dir='ltr'><strong>tri-</strong></span> 
     </span>
     <span class='ocr_line' id='line_1_22' title="bbox 299 2673 1398 2762; baseline 0.001 -23"><span class='ocrx_word' id='word_1_162' title='bbox 299 2676 387 2739; x_wconf 86' lang='lat' dir='ltr'><strong>buat.</strong></span> <span class='ocrx_word' id='word_1_163' title='bbox 429 2675 504 2740; x_wconf 92' lang='lat' dir='ltr'><strong>Hoc</strong></span> <span class='ocrx_word' id='word_1_164' title='bbox 526 2675 659 2762; x_wconf 78' lang='lat' dir='ltr'><strong>quidam</strong></span> <span class='ocrx_word' id='word_1_165' title='bbox 681 2673 881 2740; x_wconf 84' lang='lat' dir='ltr'><strong>diffidentiae</strong></span> <span class='ocrx_word' id='word_1_166' title='bbox 903 2674 1033 2755; x_wconf 81' lang='lat' dir='ltr'><strong>dicunt3</strong></span> <span class='ocrx_word' id='word_1_167' title='bbox 1064 2697 1139 2739; x_wconf 89' lang='lat' dir='ltr'><strong>nam</strong></span> <span class='ocrx_word' id='word_1_168' title='bbox 1166 2674 1194 2738; x_wconf 86' lang='lat' dir='ltr'><strong>si</strong></span> <span class='ocrx_word' id='word_1_169' title='bbox 1216 2674 1398 2759; x_wconf 88' lang='lat' dir='ltr'><strong>confirmet,</strong></span> 
     </span>
     <span class='ocr_line' id='line_1_23' title="bbox 299 2782 1400 2872; baseline 0.001 -23"><span class='ocrx_word' id='word_1_170' title='bbox 299 2785 461 2872; x_wconf 90' lang='lat' dir='ltr'><strong>inquiunt,</strong></span> <span class='ocrx_word' id='word_1_171' title='bbox 483 2785 651 2872; x_wconf 87' lang='lat' dir='ltr'><strong>opiniones</strong></span> <span class='ocrx_word' id='word_1_172' title='bbox 669 2783 837 2850; x_wconf 89' lang='lat' dir='ltr'><strong>hominum</strong></span> <span class='ocrx_word' id='word_1_173' title='bbox 849 2783 889 2848; x_wconf 91' lang='lat' dir='ltr'><strong>ad</strong></span> <span class='ocrx_word' id='word_1_174' title='bbox 902 2782 1101 2848; x_wconf 90' lang='lat' dir='ltr'><strong>credendum</strong></span> <span class='ocrx_word' id='word_1_175' title='bbox 1114 2783 1242 2848; x_wconf 85' lang='lat' dir='ltr'><strong>facilius</strong></span> <span class='ocrx_word' id='word_1_176' title='bbox 1256 2784 1400 2851; x_wconf 90' lang='lat' dir='ltr'><strong>inducat.</strong></span> 
     </span>
     <span class='ocr_line' id='line_1_24' title="bbox 302 2889 1401 2982; baseline -0.005 -22"><span class='ocrx_word' id='word_1_177' title='bbox 302 2892 370 2960; x_wconf 85' lang='lat' dir='ltr'><strong>Sed</strong></span> <span class='ocrx_word' id='word_1_178' title='bbox 389 2903 486 2982; x_wconf 90' lang='lat' dir='ltr'><strong>poeta</strong></span> <span class='ocrx_word' id='word_1_179' title='bbox 505 2894 621 2959; x_wconf 82' lang='lat' dir='ltr'><strong>fortius</strong></span> <span class='ocrx_word' id='word_1_180' title='bbox 643 2893 759 2980; x_wconf 90' lang='lat' dir='ltr'><strong>probat</strong></span> <span class='ocrx_word' id='word_1_181' title='bbox 776 2890 865 2978; x_wconf 86' lang='lat' dir='ltr'><strong>sqq.“</strong></span> <span class='ocrx_word' id='word_1_182' title='bbox 890 2901 923 2955; x_wconf 91' lang='lat' dir='ltr'><strong>et</strong></span> <span class='ocrx_word' id='word_1_183' title='bbox 934 2892 975 2957; x_wconf 91' lang='lat' dir='ltr'><strong>ad</strong></span> <span class='ocrx_word' id='word_1_184' title='bbox 986 2889 1111 2978; x_wconf 82' lang='lat' dir='ltr'><strong>Georg.</strong></span> <span class='ocrx_word' id='word_1_185' title='bbox 1123 2891 1185 2976; x_wconf 78' lang='grc' dir='ltr'><strong>ΠΙ,</strong></span> <span class='ocrx_word' id='word_1_186' title='bbox 1199 2893 1259 2958; x_wconf 82' lang='lat'><strong>46:</strong></span> <span class='ocrx_word' id='word_1_187' title='bbox 1282 2892 1401 2976; x_wconf 85' lang='lat' dir='ltr'><strong>,Polli-</strong></span> 
     </span>
     <span class='ocr_line' id='line_1_25' title="bbox 302 2998 1400 3089; baseline -0.002 -23"><span class='ocrx_word' id='word_1_188' title='bbox 302 3010 395 3066; x_wconf 88' lang='lat' dir='ltr'><strong>cetur</strong></span> <span class='ocrx_word' id='word_1_189' title='bbox 417 3010 526 3066; x_wconf 91' lang='lat' dir='ltr'><strong>autem</strong></span> <span class='ocrx_word' id='word_1_190' title='bbox 546 3022 582 3066; x_wconf 92' lang='lat' dir='ltr'><strong>se</strong></span> <span class='ocrx_word' id='word_1_191' title='bbox 605 3003 733 3089; x_wconf 84' lang='lat' dir='ltr'><strong>quoque</strong></span> <span class='ocrx_word' id='word_1_192' title='bbox 755 2998 906 3066; x_wconf 81' lang='lat' dir='ltr'><strong>Caesaris</strong></span> <span class='ocrx_word' id='word_1_193' title='bbox 929 2998 1100 3065; x_wconf 86' lang='lat' dir='ltr'><strong>Octaviani</strong></span> <span class='ocrx_word' id='word_1_194' title='bbox 1123 3001 1177 3087; x_wconf 90' lang='lat' dir='ltr'><strong>qui</strong></span> <span class='ocrx_word' id='word_1_195' title='bbox 1196 3009 1311 3088; x_wconf 89' lang='lat' dir='ltr'><strong>postea</strong></span> <span class='ocrx_word' id='word_1_196' title='bbox 1331 2999 1400 3064; x_wconf 90' lang='lat' dir='ltr'><strong>Au·</strong></span> 
     </span>
     <span class='ocr_line' id='line_1_26' title="bbox 302 3107 1400 3196; baseline -0.002 -23"><span class='ocrx_word' id='word_1_197' title='bbox 302 3118 422 3194; x_wconf 84' lang='lat' dir='ltr'><strong>gustus</strong></span> <span class='ocrx_word' id='word_1_198' title='bbox 440 3109 689 3195; x_wconf 84' lang='lat' dir='ltr'><strong>cognominatus</strong></span> <span class='ocrx_word' id='word_1_199' title='bbox 711 3118 769 3192; x_wconf 88' lang='lat' dir='ltr'><strong>est,</strong></span> <span class='ocrx_word' id='word_1_200' title='bbox 795 3107 992 3194; x_wconf 89' lang='lat' dir='ltr'><strong>scripturum</strong></span> <span class='ocrx_word' id='word_1_201' title='bbox 1010 3108 1192 3192; x_wconf 88' lang='lat' dir='ltr'><strong>victoriam,</strong></span> <span class='ocrx_word' id='word_1_202' title='bbox 1213 3117 1245 3172; x_wconf 92' lang='lat' dir='ltr'><strong>et</strong></span> <span class='ocrx_word' id='word_1_203' title='bbox 1269 3108 1400 3196; x_wconf 80' lang='lat' dir='ltr'><strong>quidam</strong></span> 
     </span>
     <span class='ocr_line' id='line_1_27' title="bbox 301 3217 1399 3308; baseline -0.001 -24"><span class='ocrx_word' id='word_1_204' title='bbox 301 3227 416 3306; x_wconf 87' lang='lat' dir='ltr'><strong>putant</strong></span> <span class='ocrx_word' id='word_1_205' title='bbox 444 3240 523 3284; x_wconf 90' lang='lat' dir='ltr'><strong>eum</strong></span> <span class='ocrx_word' id='word_1_206' title='bbox 552 3217 720 3308; x_wconf 86' lang='lat' dir='ltr'><strong>promissis</strong></span> <span class='ocrx_word' id='word_1_207' title='bbox 754 3217 854 3282; x_wconf 87' lang='lat' dir='ltr'><strong>fidem</strong></span> <span class='ocrx_word' id='word_1_208' title='bbox 884 3217 1079 3302; x_wconf 88' lang='lat' dir='ltr'><strong>destituisse,</strong></span> <span class='ocrx_word' id='word_1_209' title='bbox 1107 3217 1299 3303; x_wconf 85' lang='lat' dir='ltr'><strong>ignorantes</strong></span> <span class='ocrx_word' id='word_1_210' title='bbox 1332 3237 1399 3283; x_wconf 87' lang='lat' dir='ltr'><strong>uon</strong></span> 
     </span>
     <span class='ocr_line' id='line_1_28' title="bbox 303 3313 1400 3414; baseline -0.003 -22"><span class='ocrx_word' id='word_1_211' title='bbox 303 3327 436 3414; x_wconf 89' lang='lat' dir='ltr'><strong>quidem</strong></span> <span class='ocrx_word' id='word_1_212' title='bbox 458 3328 706 3408; x_wconf 71' lang='grc' dir='ltr'><em>προηγουμένως</em></span> <span class='ocrx_word' id='word_1_213' title='bbox 727 3335 798 3391; x_wconf 89' lang='lat' dir='ltr'><strong>acta</strong></span> <span class='ocrx_word' id='word_1_214' title='bbox 820 3325 890 3390; x_wconf 90' lang='lat' dir='ltr'><strong>eius</strong></span> <span class='ocrx_word' id='word_1_215' title='bbox 913 3313 1092 3414; x_wconf 79' lang='lat' dir='ltr'><strong>scripsisse,</strong></span> <span class='ocrx_word' id='word_1_216' title='bbox 1120 3323 1179 3390; x_wconf 88' lang='lat' dir='ltr'><strong>sed</strong></span> <span class='ocrx_word' id='word_1_217' title='bbox 1198 3335 1309 3391; x_wconf 88' lang='lat' dir='ltr'><strong>tamen</strong></span> <span class='ocrx_word' id='word_1_218' title='bbox 1333 3347 1400 3390; x_wconf 88' lang='lat' dir='ltr'><strong>non</strong></span> 
     </span>
     <span class='ocr_line' id='line_1_29' title="bbox 301 3433 1399 3521; baseline -0.001 -21"><span class='ocrx_word' id='word_1_219' title='bbox 301 3433 487 3500; x_wconf 87' lang='lat' dir='ltr'><strong>claudicare</strong></span> <span class='ocrx_word' id='word_1_220' title='bbox 509 3443 664 3521; x_wconf 86' lang='lat' dir='ltr'><strong>quantum</strong></span> <span class='ocrx_word' id='word_1_221' title='bbox 689 3435 730 3500; x_wconf 91' lang='lat' dir='ltr'><strong>ad</strong></span> <span class='ocrx_word' id='word_1_222' title='bbox 750 3434 829 3500; x_wconf 87' lang='lat' dir='ltr'><strong>fidei</strong></span> <span class='ocrx_word' id='word_1_223' title='bbox 851 3434 993 3520; x_wconf 88' lang='lat' dir='ltr'><strong>pertinet</strong></span> <span class='ocrx_word' id='word_1_224' title='bbox 1013 3434 1194 3501; x_wconf 88' lang='lat' dir='ltr'><strong>vinculum.</strong></span> <span class='ocrx_word' id='word_1_225' title='bbox 1224 3433 1266 3499; x_wconf 90' lang='lat' dir='ltr'><strong>In</strong></span> <span class='ocrx_word' id='word_1_226' title='bbox 1286 3443 1399 3500; x_wconf 87' lang='lat' dir='ltr'><strong>octavo</strong></span> 
     </span>
     <span class='ocr_line' id='line_1_30' title="bbox 302 3541 1400 3630; baseline 0 -24"><span class='ocrx_word' id='word_1_227' title='bbox 302 3542 389 3606; x_wconf 89' lang='lat' dir='ltr'><strong>enim</strong></span> <span class='ocrx_word' id='word_1_228' title='bbox 412 3541 586 3630; x_wconf 87' lang='lat' dir='ltr'><strong>descripsit</strong></span> <span class='ocrx_word' id='word_1_229' title='bbox 605 3542 641 3608; x_wconf 89' lang='lat' dir='ltr'><strong>in</strong></span> <span class='ocrx_word' id='word_1_230' title='bbox 661 3543 767 3630; x_wconf 91' lang='lat' dir='ltr'><strong>clipeo</strong></span> <span class='ocrx_word' id='word_1_231' title='bbox 790 3542 859 3608; x_wconf 89' lang='lat' dir='ltr'><strong>eius</strong></span> <span class='ocrx_word' id='word_1_232' title='bbox 882 3565 1027 3630; x_wconf 84' lang='lat' dir='ltr'><strong>pugnam</strong></span> <span class='ocrx_word' id='word_1_233' title='bbox 1048 3554 1081 3608; x_wconf 89' lang='lat' dir='ltr'><strong>et</strong></span> <span class='ocrx_word' id='word_1_234' title='bbox 1092 3543 1265 3609; x_wconf 86' lang='lat' dir='ltr'><strong>Actiacum</strong></span> <span class='ocrx_word' id='word_1_235' title='bbox 1276 3543 1400 3607; x_wconf 91' lang='lat' dir='ltr'><strong>bellum</strong></span> 
     </span>
     <span class='ocr_line' id='line_1_31' title="bbox 302 3651 1399 3738; baseline 0.001 -23"><span class='ocrx_word' id='word_1_236' title='bbox 302 3651 389 3735; x_wconf 92' lang='lat' dir='ltr'><strong>quod</strong></span> <span class='ocrx_word' id='word_1_237' title='bbox 409 3659 539 3738; x_wconf 84' lang='lat' dir='ltr'><strong>gestum</strong></span> <span class='ocrx_word' id='word_1_238' title='bbox 564 3661 613 3718; x_wconf 89' lang='lat' dir='ltr'><strong>est</strong></span> <span class='ocrx_word' id='word_1_239' title='bbox 637 3675 710 3718; x_wconf 92' lang='lat' dir='ltr'><strong>oum</strong></span> <span class='ocrx_word' id='word_1_240' title='bbox 732 3651 909 3717; x_wconf 86' lang='lat' dir='ltr'><strong>Antonio.“</strong></span> <span class='ocrx_word' id='word_1_241' title='bbox 953 3651 1090 3718; x_wconf 89' lang='lat' dir='ltr'><strong>Duobus</strong></span> <span class='ocrx_word' id='word_1_242' title='bbox 1113 3651 1203 3716; x_wconf 88' lang='lat' dir='ltr'><strong>hisce</strong></span> <span class='ocrx_word' id='word_1_243' title='bbox 1234 3651 1315 3718; x_wconf 87' lang='lat' dir='ltr'><strong>locis</strong></span> <span class='ocrx_word' id='word_1_244' title='bbox 1344 3652 1399 3716; x_wconf 79' lang='lat' dir='ltr'><strong>bo</strong></span> 
     </span>
     <span class='ocr_line' id='line_1_32' title="bbox 301 3755 1400 3845; baseline 0.001 -23"><span class='ocrx_word' id='word_1_245' title='bbox 301 3781 363 3823; x_wconf 83' lang='lat' dir='ltr'><strong>nae</strong></span> <span class='ocrx_word' id='word_1_246' title='bbox 396 3759 511 3824; x_wconf 89' lang='lat' dir='ltr'><strong>aetatis</strong></span> <span class='ocrx_word' id='word_1_247' title='bbox 544 3758 831 3845; x_wconf 85' lang='lat' dir='ltr'><strong>grammaticorum</strong></span> <span class='ocrx_word' id='word_1_248' title='bbox 863 3758 982 3824; x_wconf 90' lang='lat' dir='ltr'><strong>acriter</strong></span> <span class='ocrx_word' id='word_1_249' title='bbox 1013 3768 1045 3823; x_wconf 93' lang='lat' dir='ltr'><strong>et</strong></span> <span class='ocrx_word' id='word_1_250' title='bbox 1077 3756 1182 3822; x_wconf 87' lang='lat' dir='ltr'><strong>libere</strong></span> <span class='ocrx_word' id='word_1_251' title='bbox 1214 3755 1400 3844; x_wconf 83' lang='lat' dir='ltr'><strong>Vergilium</strong></span> 
     </span>
     <span class='ocr_line' id='line_1_33' title="bbox 301 3865 1400 3954; baseline 0 -22"><span class='ocrx_word' id='word_1_252' title='bbox 301 3866 575 3954; x_wconf 88' lang='lat' dir='ltr'><strong>perscrutantium</strong></span> <span class='ocrx_word' id='word_1_253' title='bbox 597 3867 773 3934; x_wconf 88' lang='lat' dir='ltr'><strong>sententiaa</strong></span> <span class='ocrx_word' id='word_1_254' title='bbox 798 3867 894 3934; x_wconf 89' lang='lat' dir='ltr'><strong>nobis</strong></span> <span class='ocrx_word' id='word_1_255' title='bbox 917 3875 1060 3932; x_wconf 84' lang='lat' dir='ltr'><strong>servatas</strong></span> <span class='ocrx_word' id='word_1_256' title='bbox 1088 3887 1160 3932; x_wconf 88' lang='lat' dir='ltr'><strong>esse</strong></span> <span class='ocrx_word' id='word_1_257' title='bbox 1183 3867 1294 3934; x_wconf 90' lang='lat' dir='ltr'><strong>credo.</strong></span> <span class='ocrx_word' id='word_1_258' title='bbox 1335 3865 1400 3932; x_wconf 83' lang='lat' dir='ltr'><strong>Ve-</strong></span> 
     </span>
     <span class='ocr_line' id='line_1_34' title="bbox 301 3975 1399 4066; baseline -0.002 -24"><span class='ocrx_word' id='word_1_259' title='bbox 301 4000 374 4042; x_wconf 91' lang='lat' dir='ltr'><strong>rum</strong></span> <span class='ocrx_word' id='word_1_260' title='bbox 396 3998 438 4042; x_wconf 92' lang='lat' dir='ltr'><strong>ne</strong></span> <span class='ocrx_word' id='word_1_261' title='bbox 462 3976 597 4042; x_wconf 89' lang='lat' dir='ltr'><strong>nimium</strong></span> <span class='ocrx_word' id='word_1_262' title='bbox 630 3999 673 4042; x_wconf 85' lang='grc'><strong>111</strong></span> <span class='ocrx_word' id='word_1_263' title='bbox 707 3999 745 4042; x_wconf 87' lang='grc'><strong>11</strong></span> <span class='ocrx_word' id='word_1_264' title='bbox 776 3997 814 4042; x_wconf 89' lang='lat' dir='ltr'><strong>re</strong></span> <span class='ocrx_word' id='word_1_265' title='bbox 843 3976 1016 4061; x_wconf 89' lang='lat' dir='ltr'><strong>interpreti</strong></span> <span class='ocrx_word' id='word_1_266' title='bbox 1051 3984 1164 4042; x_wconf 92' lang='lat' dir='ltr'><strong>nostro</strong></span> <span class='ocrx_word' id='word_1_267' title='bbox 1194 3975 1329 4066; x_wconf 87' lang='lat' dir='ltr'><strong>propitii</strong></span> <span class='ocrx_word' id='word_1_268' title='bbox 1358 3975 1399 4040; x_wconf 90' lang='lat' dir='ltr'><strong>si-</strong></span> 
     </span>
     <span class='ocr_line' id='line_1_35' title="bbox 263 4082 1400 4171; baseline -0.002 -21"><span class='ocrx_word' id='word_1_269' title='bbox 263 4087 265 4092; x_wconf 81' lang='grc'><strong>’</strong></span> <span class='ocrx_word' id='word_1_270' title='bbox 302 4107 384 4171; x_wconf 88' lang='lat' dir='ltr'><strong>mus,</strong></span> <span class='ocrx_word' id='word_1_271' title='bbox 404 4085 452 4150; x_wconf 89' lang='lat' dir='ltr'><strong>illi</strong></span> <span class='ocrx_word' id='word_1_272' title='bbox 472 4083 642 4170; x_wconf 75' lang='lat' dir='ltr'><strong>,quidam“</strong></span> <span class='ocrx_word' id='word_1_273' title='bbox 665 4106 746 4170; x_wconf 91' lang='lat' dir='ltr'><strong>quos</strong></span> <span class='ocrx_word' id='word_1_274' title='bbox 770 4084 842 4151; x_wconf 91' lang='lat' dir='ltr'><strong>aliis</strong></span> <span class='ocrx_word' id='word_1_275' title='bbox 863 4084 946 4150; x_wconf 89' lang='lat' dir='ltr'><strong>locis</strong></span> <span class='ocrx_word' id='word_1_276' title='bbox 967 4083 1002 4151; x_wconf 89' lang='lat' dir='ltr'><strong>in</strong></span> <span class='ocrx_word' id='word_1_277' title='bbox 1017 4105 1113 4150; x_wconf 87' lang='lat' dir='ltr'><strong>usum</strong></span> <span class='ocrx_word' id='word_1_278' title='bbox 1128 4107 1223 4151; x_wconf 90' lang='lat' dir='ltr'><strong>suum</strong></span> <span class='ocrx_word' id='word_1_279' title='bbox 1239 4082 1400 4150; x_wconf 84' lang='lat' dir='ltr'><strong>convertit</strong></span> 
     </span>
     <span class='ocr_line' id='line_1_36' title="bbox 303 4191 1400 4283; baseline 0 -23"><span class='ocrx_word' id='word_1_280' title='bbox 303 4193 435 4260; x_wconf 88' lang='lat' dir='ltr'><strong>omnino</strong></span> <span class='ocrx_word' id='word_1_281' title='bbox 461 4194 558 4260; x_wconf 85' lang='lat' dir='ltr'><strong>aliam</strong></span> <span class='ocrx_word' id='word_1_282' title='bbox 589 4217 687 4283; x_wconf 87' lang='lat' dir='ltr'><strong>quam</strong></span> <span class='ocrx_word' id='word_1_283' title='bbox 719 4192 866 4260; x_wconf 86' lang='lat' dir='ltr'><strong>eruditae</strong></span> <span class='ocrx_word' id='word_1_284' title='bbox 899 4191 1098 4282; x_wconf 88' lang='lat' dir='ltr'><strong>antiquitatis</strong></span> <span class='ocrx_word' id='word_1_285' title='bbox 1130 4193 1274 4282; x_wconf 89' lang='lat' dir='ltr'><strong>speciem</strong></span> <span class='ocrx_word' id='word_1_286' title='bbox 1308 4213 1400 4282; x_wconf 84' lang='lat' dir='ltr'><strong>prce·</strong></span> 
     </span>
    </p>
   </div>
   <div class='ocr_carea' id='block_1_3' title="bbox 0 0 1512 4692">
    <p class='ocr_par' dir='ltr' id='par_1_3' title="bbox 0 0 1512 4692">
     <span class='ocr_line' id='line_1_37' title="bbox 0 0 1512 4692; baseline 0 0"><span class='ocrx_word' id='word_1_287' title='bbox 0 0 1512 4692; x_wconf 95' lang='lat' dir='ltr'><strong> </strong></span> 
     </span>
    </p>
   </div>
  </div>
 </body>
</html>
