2998 4692
314 373 327 410 Ι
355 405 361 416 ·
646 361 667 424 5

107 538 191 606 illud
211 545 378 632 adnotare,
398 545 451 612 cui
474 545 605 612 deditus
623 556 701 631 erat,
723 547 749 612 si
769 546 899 635 quidem
915 547 1113 618 Suetouiana
1134 551 1205 616 dili-

106 655 217 739 gentia
241 654 434 739 dictumest,
458 655 499 720 ad
511 664 681 740 utramque
693 666 846 743 'spectare
865 667 1003 743 oportet.
1036 657 1080 723 Et
1095 681 1204 744 quam·

107 786 202 848 quam
224 763 303 828 mihi
324 763 456 848 quidem
477 772 602 830 certum
617 766 804 851 exemplum
817 765 943 848 nullum
956 765 1098 832 innotuit
1110 771 1204 835 verbi

106 871 263 938 adnotare
280 881 418 960 utraque
442 872 539 938 simul
559 872 692 940 notione
714 874 821 962 positi,
845 895 907 963 per
936 897 971 940 se
991 885 1103 942 tamen
1126 900 1202 944 eon-

107 965 296 1048 sentaneum
317 991 376 1066 est,
398 989 490 1049 notas
513 991 545 1046 et
564 981 788 1048 adnotationes
810 983 930 1069 quippe
955 1005 1037 1069 quae
1066 984 1107 1049 ad
1131 1007 1203 1053 ean·

107 1091 183 1156 dem
204 1113 285 1176 rem,
311 1092 478 1178 scriptoris
505 1091 779 1179 explanationem,
801 1091 997 1179 pertineant,
1020 1093 1084 1159 boc
1110 1113 1204 1160 voca·

105 1200 183 1265 bulo
206 1199 349 1288 potuisse
363 1199 616 1288 comprehendi.

190 1309 245 1376 Ab
266 1311 362 1375 huius
382 1310 528 1376 incuriae
553 1312 649 1398 culpa
671 1310 827 1398 quoniam
842 1311 1035 1380 Suetonium
1057 1314 1205 1399 liberavi,

106 1439 182 1484 eum
213 1417 519 1483 commentariorum
551 1417 653 1483 Probi
686 1418 812 1482 nullam
846 1419 963 1484 fecisse
997 1421 1204 1504 mentionem,

105 1526 195 1592 aliud
215 1535 325 1611 restat,
347 1527 383 1591 in
405 1549 468 1610 quo
497 1525 568 1613 quis
588 1547 699 1593 avero
716 1528 947 1600 sanationum
960 1539 1076 1616 putare
1090 1533 1204 1619 possit.

106 1636 204 1719 Quod
227 1634 313 1701 enim
335 1634 414 1700 dicit
438 1635 604 1720 „quamvis
624 1657 737 1700 omnes
761 1636 797 1717 (i.
810 1646 995 1702 e.vetnstos
1011 1639 1203 1727 scriptores)

106 1744 269 1812 contemni
298 1743 466 1830 magisque
492 1743 666 1832 obprobrio
688 1779 732 1793 »-
755 1766 827 1811 esse
853 1745 1135 1833 animadverteret,
1157 1748 1203 1814 ni-

107 1854 175 1920 hilo
194 1853 300 1918 minus
323 1853 357 1917 in
378 1853 545 1940 proposito
569 1853 704 1936 mansit3
727 1855 893 1943 multaque
910 1856 1110 1944 exemplaria
1129 1879 1204 1923 oon·

91 1971 208 2044 ¹tracta
230 1962 410 2028 emendare
439 1984 477 2026 ao
504 1961 706 2048 distinguere
736 1971 768 2027 et
795 1963 950 2029 adnotare
978 1965 1110 2049 curavit,
1143 1966 1204 2031 soli

106 2071 183 2136 huic
204 2093 265 2137 nec
289 2070 348 2136 ulli
368 2079 539 2158 praeterea
563 2071 791 2157 grammatices
815 2071 900 2160 parti
927 2071 1076 2138 deditus“
1106 2075 1203 2140 facile
1265 2149 1270 2155 ¹

106 2179 178 2268 quis
208 2180 254 2245 ita
283 2180 385 2268 possit
413 2179 610 2265 intellegere
640 2181 732 2267 qnasi
753 2179 889 2246 vetustis
912 2189 1035 2246 tantum
1055 2203 1203 2269 perscru-

105 2288 212 2353 tandis
235 2309 309 2352 enm
333 2309 465 2377 operam
486 2309 622 2354 navasse
645 2285 822 2354 Suetonius
840 2299 959 2373 narret,
983 2298 1016 2353 et
1027 2299 1116 2355 recte
1131 2291 1202 2374 quis

106 2405 259 2486 opponat,
279 2396 466 2483 Vergilium
489 2417 617 2484 quoque
637 2404 671 2461 et
683 2396 855 2462 Horatium
877 2421 896 2461 a
916 2397 1025 2463 Probo
1047 2407 1202 2464 tractatos

106 2528 189 2572 esse.
232 2506 339 2588 Quem
362 2506 514 2591 equidem
535 2504 638 2571 nolim
659 2527 733 2570 cum
749 2504 1017 2572 Reifferscheidio
1040 2506 1108 2590 (ed.
1121 2505 1202 2574 Sue·

105 2625 172 2681 ton.
196 2640 227 2704 p.
248 2615 325 2698 395)
346 2619 393 2682 ita
414 2617 619 2703 impugnare,
643 2623 680 2678 ut
701 2614 875 2702 scriptores
898 2615 953 2700 qui
975 2617 1034 2681 sub
1048 2616 1202 2702 Augusto

104 2727 292 2808 floruerant,
314 2722 457 2789 Neronis
479 2722 680 2808 temporibus
694 2721 844 2808 antiquos
857 2721 922 2786 iam
936 2723 1116 2809 appellatos
1131 2744 1202 2788 esse

105 2843 140 2900 et
163 2831 364 2921 contemptui
384 2830 486 2897 fuisse
510 2830 626 2914 dicam,
647 2866 691 2878 --
711 2830 746 2895 id
764 2829 851 2896 enim
862 2831 999 2898 Horatio
1015 2840 1047 2896 et
1062 2831 1201 2896 maxime

105 2942 258 3027 Vergilio
282 2941 373 3008 nullo
398 2963 540 3025 unquam
568 2949 717 3026 tempore
742 2938 921 3005 accidit-
944 2940 1003 3006 sed
1027 2940 1072 3005 ita
1092 2941 1201 3027 potius

104 3061 142 3117 ut
168 3050 263 3116 aliter
288 3072 326 3114 oc
352 3049 452 3134 volgo
476 3048 523 3132 fit,
548 3045 742 3115 Suetonium
765 3047 1016 3134 intelligendum
1043 3071 1116 3115 esse
1149 3050 1202 3115 do-

105 3209 300 3224 ,,,-....,.-.......

104 3294 173 3350 litus
192 3293 222 3346 in
246 3291 418 3362 praefatione
442 3289 571 3346 anecdoti
590 3290 712 3345 omnium
738 3292 838 3345 harum
855 3293 985 3346 notarum
1011 3309 1092 3346 usum
1110 3292 1200 3347 Probo

104 3388 260 3457 ceterisque
277 3386 325 3456 qui
345 3386 384 3441 ibi
402 3385 588 3453 nominantur,
606 3386 663 3439 iam
683 3403 743 3440 esse
762 3386 941 3456 adscriptum.
966 3385 1048 3441 Alter
1064 3389 1142 3442 locus
1160 3394 1203 3444 est

104 3485 141 3540 ad
158 3483 228 3540 Aen.
241 3483 276 3551 X,
284 3483 339 3538 444
350 3499 433 3551 quem
450 3498 515 3536 mss.
533 3480 660 3551 plerique
679 3481 824 3535 exhibent:
853 3481 943 3536 »Satis
960 3482 1079 3538 licenter
1095 3483 1202 3538 dictum

104 3585 158 3648 est,
184 3580 253 3635 adeo
271 3584 305 3636 ut
321 3579 386 3635 huio
406 3578 468 3632 loco
487 3578 594 3632 Probus
612 3577 658 3634 hic
676 3582 837 3647 correptum
855 3595 872 3632 a
888 3578 1003 3648 longum
1021 3581 1160 3648 posuerit«
1186 3599 1203 3636 a

102 3680 262 3734 Burmanno
289 3678 359 3733 bene
377 3675 553 3731 emendatus:
580 3680 628 3729 »ut
644 3675 698 3730 hoc
724 3675 787 3729 loco
806 3675 915 3730 Probus
938 3678 1073 3745 corrupto
1091 3675 1202 3746 alogum

102 3772 253 3845 posuerit«
293 3773 463 3828 otumoal.
474 3791 498 3827 c.
519 3771 651 3842 »Aloguq
669 3776 738 3827 nota
754 3789 823 3840 quae
842 3773 878 3826 ad
895 3771 1009 3827 mandas
1028 3772 1201 3828 adhibetur«.

101 3870 159 3926 Vbi
175 3869 230 3936 ille,
248 3887 284 3923 ne
302 3869 394 3924 Probo
416 3869 548 3924 Serviano
566 3873 696 3922 notarum
715 3886 781 3922 usus
801 3866 996 3922 concedendus
1015 3868 1060 3934 sit,
1083 3867 1123 3921 sic
1141 3885 1200 3922 mu·

17 3981 18 3984 ’
102 3969 160 4020 tat:
188 3969 235 4018 »ut
253 3963 360 4020 Probus
385 3965 459 4020 hunc
483 3965 574 4021 locum
593 3967 756 4035 corruptum
783 3968 831 4017 aut
855 3959 1035 4035 ἀκυρολογίαν
1058 3963 1199 4033 posuerit»

102 4061 179 4131 quod
198 4077 254 4115 non
273 4077 342 4130 opus
362 4065 404 4115 eat
426 4061 536 4132 longius
564 4061 692 4116 refutare.
713 4091 746 4099 -
765 4059 847 4115 Nulla
865 4059 977 4115 omnino
1010 4058 1119 4113 ratione
1142 4057 1202 4112 fieri

101 4159 205 4228 potest,
231 4159 263 4210 ut
280 4153 387 4211 Probus
414 4157 461 4226 qui
486 4161 567 4212 notas
586 4155 771 4228 scriptoribus
789 4157 954 4227 apposuits
982 4155 1201 4210 commentatore

101 4248 196 4304 Probo
216 4255 384 4306 coematur.
