2998 4692
810 316 851 384 28

284 497 456 584 diligentia
478 500 627 566 omuibus
651 500 877 591 disputationis
899 503 1045 588 partibus
1069 503 1216 566 tractatis
1246 506 1388 592 scripto-

283 629 421 696 rumque
445 610 549 676 omnis
571 611 704 698 generis
725 611 874 698 plurimis
894 611 974 675 locis
995 611 1037 676 ad
1055 611 1193 677 verbum
1208 613 1387 699 descriptis

282 718 486 803 propositum
508 743 602 784 suum
623 720 727 787 libere
748 728 935 808 pertractat.
969 721 1018 786 Ea
1037 721 1183 806 quaestio
1204 743 1264 786 cur
1283 722 1385 787 unica

281 823 412 910 integra
434 827 469 891 in
492 837 639 892 nostrum
661 829 929 894 commentarium
949 828 1104 894 translata
1125 831 1175 913 ait,
1198 840 1288 896 certo
1311 853 1384 896 non
1493 879 1494 882 ,

285 934 408 1022 poterit
431 936 605 1020 cognosci3
630 936 779 1025 suspicor
802 936 954 1024 equidem
978 936 1082 1022 ipsam
1106 939 1273 1002 materiam
1296 961 1384 1027 quae

283 1050 441 1108 tractatur
459 1067 590 1110 causam
610 1044 721 1110 fuisse.
764 1044 1002 1129 Nonnunquam
1034 1047 1121 1112 enim
1141 1047 1323 1114 invenimus
1345 1047 1385 1112 in

284 1155 501 1241 mythicarum
513 1153 790 1243 physicarumque
804 1175 916 1219 rerum
936 1155 1198 1222 coniunctionem
1217 1158 1382 1245 quandam

283 1264 461 1349 allegorica
483 1263 609 1330 ratione
631 1262 838 1329 efficiendam
867 1263 1082 1349 interpretem
1110 1277 1256 1332 nostrum
1283 1267 1379 1331 incli-

284 1377 408 1458 nare¹),
430 1373 530 1438 cuius
548 1395 622 1436 eum
645 1372 870 1459 plenissimum
891 1370 926 1436 in
948 1371 1009 1435 hac
1032 1372 1252 1459 disputatione
1266 1396 1378 1440 exem·

210 1463 217 1472 ’
282 1480 375 1568 plum
395 1481 612 1568 repperisset,'
634 1482 669 1545 in
690 1503 785 1546 suum
815 1503 895 1568 opus
917 1481 1144 1568 transscripsit.
1190 1482 1378 1550 Genuinam

282 1599 392 1655 autem
411 1592 549 1655 formam
568 1612 636 1654 non
657 1589 788 1654 videtur
808 1589 999 1674 retinuisse3
1019 1613 1122 1656 ¹unum
1140 1592 1271 1678 quidem
1291 1592 1380 1656 inest

282 1699 420 1764 verbum
444 1699 589 1784 effigiare
613 1701 660 1785 (p.
675 1698 723 1781 10,
743 1697 797 1778 33)
833 1699 920 1786 quod
941 1701 1028 1787 apud
1049 1701 1152 1766 multo
1174 1699 1377 1766 recentiores

285 1807 416 1872 demum
435 1807 470 1871 iu
489 1829 550 1872 usu
574 1816 632 1890 est,
655 1807 713 1872 sed
735 1813 821 1872 totus
845 1807 974 1874 dicendi
1003 1809 1095 1874 color
1123 1809 1265 1874 anticum
1293 1807 1378 1873 illud

283 1915 686 2002 tempus'haudquaquam
708 1916 847 1999 redolet,
869 1941 944 1982 cum
960 1918 1078 2006 reliqui
1093 1927 1201 1983 autem
1215 1937 1378 1983 commen-

283 2025 344 2089 tari
370 2025 554 2091 elocutione
577 2027 707 2090 omuino
725 2027 884 2112 congruit.
906 2027 1121 2092 Retractatori
1132 2026 1376 2114 adsignaverim

282 2134 379 2199 etiam
400 2133 587 2200 Ennianum
611 2156 744 2200 versum
754 2135 907 2202 Lucretio
928 2135 1087 2201 tributum
1109 2159 1140 2221 p.
1151 2136 1203 2220 20,
1213 2136 1255 2201 25
1277 2144 1309 2200 et
1332 2136 1380 2201 in-

283 2251 391 2329 eptam
420 2242 460 2308 de
481 2243 683 2329 Anaxagora
703 2243 922 2308 narrationem
946 2264 977 2329 p.
999 2243 1049 2325 13,
1069 2244 1126 2325 10;
1160 2253 1329 2328 praeterea
1350 2244 1379 2308 si

283 2350 415 2439 quidem
436 2350 617 2416 Aemilium
643 2351 791 2436 Asprum
811 2351 853 2415 ad
875 2351 1062 2417 inferiorem
1088 2361 1228 2416 aetatem
1240 2352 1380 2418 reicien-

283 2458 360 2523 dum
377 2481 449 2524 asse
462 2470 550 2525 recte
562 2483 660 2548 supra
673 2459 903 2544 demonstravi,
925 2459 1125 2525 mentionem
1145 2460 1214 2524 eius
1227 2481 1258 2545 p.
1269 2460 1318 2543 15,
1325 2459 1377 2525 24.

284 2569 367 2653 19‚9
387 2569 617 2656 interpolatam
639 2589 710 2634 esse
735 2577 874 2656 oportet,
896 2565 978 2657 quie
999 2568 1090 2634 nullo
1113 2569 1295 2634 sententiae
1318 2569 1376 2634 de-

281 2678 436 2744 trimento
458 2687 597 2766 utroque
618 2677 691 2743 loco
716 2678 821 2743 omitti
841 2687 949 2764 potest
970 2676 1147 2742 dummodo
1167 2697 1283 2742 versus
1312 2677 1379 2744 Ho-

280 2787 422 2854 mericus
446 2810 478 2875 p.
492 2787 542 2871 15,
553 2789 593 2854 27
613 2788 802 2853 retineatur.

363 2899 498 2967 Summa
520 2919 634 2963 eorum
657 2919 740 2984 quae
761 2897 868 2961 adhuc
892 2895 1054 2983 disputavi
1074 2896 1156 2962 haee
1182 2905 1252 2961 est:

450 3007 648 3094 Quamquam
664 3018 813 3070 auctores
828 3008 863 3069 in
885 3008 1114 3070 commentario
1125 3005 1255 3090 prolui
1272 3027 1380 3068 omnes

456 3115 587 3182 Valerio
619 3114 730 3180 Probo
766 3117 969 3204 antiquiores
1002 3128 1077 3180 aunt
1110 3116 1196 3196 (nisi
1227 3113 1314 3202 quod
1339 3111 1379 3176 de

449 3223 560 3310 Aspre
582 3221 710 3303 dubito)
736 3221 979 3309 doctrinamque
995 3243 1061 3284 non
1078 3222 1294 3308 spernendam
1306 3245 1382 3307 poa-

448 3335 510 3396 sim
531 3329 668 3412 amiciet,
693 3342 797 3395 temen
819 3354 841 3394 a
859 3329 990 3393 Valerio
1012 3329 1124 3394 Probo
1145 3316 1382 3397 adiudicandus

453 3456 499 3507 eat
522 3445 599 3531 quie
621 3443 658 3525 1)
682 3443 759 3507 aicit
785 3445 911 3508 omnino
937 3455 1035 3532 etque
1066 3439 1125 3506 ilie
1152 3437 1247 3502 rebus
1277 3437 1382 3524 anpli-

447 3552 561 3616 cundia
582 3551 700 3629 studet,
722 3550 761 3632 2)
778 3573 929 3636 unquam
948 3575 1045 3636 saepe
1066 3550 1288 3636 ipnorann'ern
1306 3568 1383 3632 pro·

448 3657 497 3722 dn
519 3671 615 3745 utque
638 3659 735 3721 etium
757 3677 799 3719 eu
813 3639 968 3741 fontibus
987 3677 1053 3718 non
1064 3658 1200 3721 maiorne
1215 3656 1384 3720 doctrinae

448 3786 679 3854 nonuunquam
703 3765 820 3829 inurit.
864 3762 953 3828 Alina
974 3776 1080 3828 eutem
1112 3764 1192 3829 locet
1221 3764 1320 3828 bonos
1352 3776 1384 3826 et

450 3877 601 3964 antiquos
624 3875 870 3939 commentarios
894 3873 953 3936 sed
968 3871 1177 3959 neplepenter
1197 3873 1383 3957 exscripsit.

251 3979 268 4002 '
366 3983 488 4066 Restat,
513 3982 666 4071 quoniam
686 3982 793 4070 ipsum
814 3979 1077 4047 commentatoris
1095 4003 1217 4048 nomen
1238 4002 1305 4047 nou
1326 4000 1383 4066 po-

285 4141 484 4154 ——u-u—-n

356 4214 385 4283 1)
406 4214 441 4272 u.
452 4213 593 4273 annum
606 4197 703 4284 nori,
712 4215 755 4272 ει.
774 4214 876 4284 eurg.
885 4213 907 4283 1,
917 4214 943 4272 s.
955 4215 996 4270 1a
1009 4213 1051 4270 re.
1061 4211 1121 4269 244.
