2998 4692
636 366 656 430 3

100 574 171 618 esse
190 551 401 638 peranticum¹
416 561 449 618 et
468 551 540 638 ipso
560 548 737 616 adnotandi
751 545 1197 634 vocabulosignilicatum1),

100 661 188 746 quod
208 660 321 726 eadem
343 660 375 724 vi
397 659 516 724 iterum
539 659 574 724 in
588 659 656 724 boc
683 657 842 724 anecdoto
865 680 897 744 p.
919 656 980 722 140
1000 653 1195 722 Reiffersch.
1283 698 1286 704 -

99 770 230 856 legitur.
274 769 383 852 Quare
403 769 624 836 Mommsenus
648 777 680 834 et
697 768 797 832 bisce
817 766 900 832 locis
924 764 1083 849 equibus
1107 763 1195 828 hunc

100 880 275 944 verborum
297 875 453 942 adnotare
475 885 508 940 et
529 875 694 941 adnotatio
716 898 811 942 usum
833 873 1058 962 cognovimus,
1092 882 1125 937 11
1150 870 1196 936 eis

16 955 19 976 ³
102 1006 184 1071 quae
206 984 247 1049 de
269 983 354 1057 notis
375 963 495 1080 critibis
517 1007 537 1048 a
560 984 670 1048 Probo
692 982 844 1049 adhibitis
866 987 903 1048 at'
920 983 963 1046 in¹
977 973 1149 1069 anecdota,¹
1164 989 1196 1044 et

101 1093 189 1191 apud
210 1092 363 1161 Servium
383 1093 424 1158 ad
445 1091 533 1161 Aen.
545 1091 574 1175 Ι,
588 1092 638 1156 21.
660 1091 705 1177 X,
718 1092 782 1157 444
803 1091 895 1157 nobis
920 1090 1101 1171 traduntur,
1126 1088 1218 1174 per·'

101 1204 215 1269 motus
231 1189 266 1269 in
285 1201 503 1290 disputatione
524 1199 658 1284 „Ueber
671 1199 716 1266 M.
727 1200 881 1296 Valerius
895 1200 1023 1266 Probus
1047 1198 1088 1263 de
1111 1195 1197 1262 notis

102 1308 263 1396 1111111111α
286 1329 367 1394 quae
392 1308 515 1374 inserta
537 1307 641 1372 estin
663 1307 835 1392 „Berichte
849 1306 880 1371 d.
895 1307 999 1374 sacha.
1012 1304 1198 1372 Gesellsch.

38 1467 40 1474 .
104 1419 136 1484 d.
158 1401 260 1483 Wiss.
286 1417 366 1483 1853
387 1439 420 1504 p.
442 1417 481 1482 91
497 1405 592 1502 ‘sqqf‘
614 1415 702 1503 apud
722 1413 918 1482 Suetonium
940 1436 1068 1501 quoque
1098 1413 1198 1479 adno-

29 1503 55 1534 ”
103 1520 195 1590 tandi
213 1525 296 1591 illud
317 1519 461 1591 officium
484 1525 535 1591 oui
546 1525 676 1614 Probus
698 1524 826 1590 deditus
849 1534 917 1590 erat
939 1523 1054 1588 eadem
1075 1522 1198 1588 ratione

93 1633 254 1721 intellegi
273 1633 387 1718 voluit,
409 1627 604 1722 omnemque
626 1633 695 1699 eius
709 1654 856 1719 operam,v
875 1655 950 1698 cum
971 1627 1196 1712 „emendando
1218 1632 1237 1658 V

103 1765 142 1807 ac
163 1741 396 1829 distinguendo
415 1751 449 1807 11
469 1731 676 1809 adnotando“
700 1750 880 1835 0011111111,1
905 1742 940 1808 in
969 1739 1091 1807 criticis
1118 1737 1197 1803 scri-

103 1858 236 1938 ptorum
256 1849 452 1918 editionibus
474 1850 626 1937 parandis
640 1850 780 1940 positam
796 1871 867 1917 esse
884 1849 1011 1916 censuit
1024 1849 1061 1930 ²).
1085 1846 1197 1933 Atque

105 1979 195 2044 sane,
218 1957 245 2024 si
262 1958 307 2024 ita
328 1958 542 2047 explicandus
565 1968 651 2025 esset
663 1956 850 2044 Suetonius,
872 1945 1093 2025 confitendum
1114 1948 1215 2022 foret

106 2089 181 2132 eum
204 2067 246 2132 de
268 2069 380 2134 Probo
410 2068 517 2132 minus
548 2076 698 2134 accurate
727 2067 888 2136 retulisse.
931 2068 1086 2136 Plurimis
1115 2065 1202 2131 enim
1277 2123 1280 2129 ,

106 2189 152 2232 ex
173 2167 264 2252 locis,
288 2167 330 2232 de
348 2169 463 2254 quibus
484 2167 568 2232 inira
583 2171 694 2260 agam,
718 2177 842 2234 constat
869 2190 936 2235 non
961 2170 1046 2236 notis
1076 2179 1200 2240 tantum

106 2275 228 2342 criticis
250 2275 308 2340 sed
338 2276 435 2360 etiam
456 2277 714 2343 adnotationibus
746 2277 873 2362 (quales
895 2299 954 2344 nos
977 2278 1075 2344 hodie
1096 2283 1202 2369 philo-

104 2384 187 2470 logi,
211 2394 243 2450 et
263 2394 353 2451 recte
375 2384 517 2472 quidem,
537 2385 705 2471 appellare
720 2385 876 2468 solemus)
899 2385 1044 2452 Probum
1065 2391 1202 2478 scripto·

105 2513 161 2557 res
184 2514 265 2577 quos
287 2495 437 2559 tractavit
457 2494 659 2560 instruxisse.
692 2493 761 2562 Sed
778 2494 1049 2580 patrocinandum
1061 2507 1110 2562 est
1123 2500 1200 2566 fidei
1267 2496 1270 2502 ’

106 2622 145 2665 ac
166 2601 356 2688 diligentiae
377 2603 524 2672 Suetoni.
567 2602 644 2669 Non
666 2601 753 2667 enim
775 2602 831 2667 illa
856 2625 951 2688 quam
972 2604 1041 2672 dixi
1061 2607 1130 2672 sola
1152 2615 1202 2672 est
1261 2648 1262 2651 =

105 2709 157 2775 vis
179 2709 354 2776 adnotandi
377 2711 464 2800 apud
477 2721 605 2777 veteres
619 2710 861 2798 grammaticos,
883 2712 943 2776 sed
958 2715 1059 2780 multo
1074 2715 1201 2803 saepius

107 2817 225 2884 eodem
247 2819 343 2884 modo
365 2818 532 2886 invenitur
552 2843 616 2906 quo
638 2841 698 2884 nos
719 2819 819 2884 hodie
843 2821 1034 2905 coutimur,
1054 2831 1091 2887 ut
1112 2845 1203 2890 enar·

107 2927 201 2992 randi
223 2936 255 2992 et
280 2928 521 2994 commentandi
544 2949 676 3016 operam
705 2927 878 3018 significet.
921 2929 1054 3018 Inspice
1085 2953 1204 3018 quaeso
1304 2947 1334 2988 f

107 3043 399 3101 commentatorum
427 3057 506 3120 quos
535 3036 692 3101 habemus
713 3037 981 3123 antiquissimum,
1013 3039 1204 3124 Asconium,

108 3142 164 3227 qui
193 3143 228 3207 in
257 3166 373 3209 comm.
398 3143 439 3208 ad
464 3143 595 3211 Oornel.
617 3166 649 3231 p.
673 3145 714 3208 74
738 3144 843 3212 Orell.
875 3147 922 3211 sic
951 3147 1078 3212 scribit:
1113 3147 1206 3230 „Hoc

108 3251 215 3316 solum
234 3251 287 3315 hia
304 3250 525 3317 adnotandum
544 3261 603 3336 est,
624 3253 711 3318 hunc
733 3275 804 3319 esse
824 3253 862 3321 L.
879 3252 1053 3321 Sisennam
1075 3257 1129 3342 qui
1151 3277 1205 3320 res

108 3359 271 3425 Romanas
308 3359 464 3447 scripsit.“
523 3361 680 3427 Proxima
716 3362 907 3449 antiquitate
945 3383 1016 3428 esse
1055 3363 1207 3432 videntur

110 3467 235 3532 scholia
257 3467 473 3551 Veronensia,
494 3468 551 3533 ubi
574 3469 648 3534 vide
670 3469 712 3533 ad
733 3468 820 3535 Aen.
831 3469 892 3555 IX,
912 3471 992 3536 369:
1020 3471 1112 3555 „Hoc
1133 3474 1207 3540 loco

111 3575 268 3641 adnotant
288 3576 416 3642 Probus
445 3584 478 3640 et
498 3573 665 3664 Sulpicius
694 3579 892 3644 contrarium
919 3579 969 3646 illi
998 3603 1069 3646 1111
1097 3581 1209 3669 Sepsit

111 3717 316 3727 ..u-o—-a--n

186 3787 214 3856 1)
234 3786 263 3840 in
281 3785 444 3856 quotidiana
461 3803 570 3855 quoque
588 3787 646 3842 vita
663 3805 709 3842 aas
728 3788 868 3844 adhibitas
884 3806 953 3859 esse,
977 3789 1156 3860 cognoscitur
1175 3805 1210 3844 ex

113 3879 170 3934 Cic.
181 3879 288 3948 eppad
306 3878 524 3948 Att.vss1‚u‚4:
546 3879 593 3933 »ld
611 3897 646 3934 ex
664 3880 779 3951 Pompei
797 3883 900 3936 litteris
919 3901 1078 3954 cognosces,
1103 3885 1133 3938 in
1151 3884 1210 3954 qui-

112 3975 166 4028 bus
191 3973 405 4030 animadvertito
428 3975 507 4030 illum
529 3977 622 4031 locum
644 3977 694 4032 ubi
720 3977 774 4033 erit
797 3979 903 4048 amru«
940 3980 1033 4036 Minus
1061 3987 1139 4037 certo
1157 3982 1210 4035 buc

113 4069 274 4123 referuntur
292 4068 387 4124 Senec.
401 4070 507 4140 Epp.6‚
517 4073 544 4126 4.
563 4071 633 4125 Plin·
643 4071 751 4141 Epp.7,
762 4074 803 4128 17.
822 4076 847 4142 9,
859 4077 902 4130 26.

186 4168 214 4235 2)
233 4163 341 4220 Eodem
359 4162 442 4218 modo
460 4162 654 4234 Bernhardyus
672 4166 702 4221 in
722 4167 796 4237 Allg.
813 4165 937 4237 Liaztg.
950 4162 1211 4222 recommisit:

116 4261 252 4316 adnotare
270 4260 338 4332 geht
357 4258 441 4312 allein
460 4259 510 4314 sui
523 4261 658 4316 kritische
675 4261 921 4331 Nacbweisungen.
