2998 4692
627 362 667 427 29

91 551 175 616 terit
192 547 396 635 investigari,
418 557 455 612 ut
476 544 605 634 quando
629 547 745 612 Valeri
768 545 866 612 Probi
890 565 1010 611 nomen
1030 567 1193 612 commen-

92 659 180 726 tario
199 658 392 745 inscriptum
414 655 457 720 sit
481 655 640 740 indagare
662 674 826 718 conemur.
851 653 925 734 Qua
939 651 973 717 in
994 674 1030 716 re
1048 674 1090 718 ne
1113 653 1196 718 illud

94 766 232 855 quidem
254 767 333 830 mihi
354 765 570 830 certissimum
584 771 644 848 est,
666 761 765 826 fuisse
789 761 873 828 hanc
896 761 1142 848 inscriptionem
1161 763 1196 828 iu

94 878 276 963 archetypo
309 873 420 940 codice
443 873 601 963 Bobiensi
634 893 721 936 nunc
757 870 938 957 deperdito,
968 893 1041 934 cum
1070 870 1121 935 ed.
1146 893 1195 958 pr.

93 983 276 1069 anni1507
304 1005 385 1070 quae
418 1006 460 1048 ex
483 1005 521 1050 eo
543 982 686 1047 manavit
710 980 830 1064 „Probi
854 979 1065 1044 vetustissimi
1089 979 1196 1064 grarnss

93 1092 227 1158 matici“
248 1093 380 1156 nomine
403 1092 531 1178 signata
553 1091 604 1157 sit.
654 1091 730 1156 Duo
755 1089 888 1174 quidem
918 1088 968 1152 illi
991 1087 1081 1174 ⁴quos
1109 1087 1196 1152 solos'

94 1203 256 1268 habemus
278 1201 353 1267 libri
376 1225 452 1270 mss.
468 1225 550 1284 saec.
564 1201 641 1287 XV,
665 1201 694 1266 ei
716 1222 846 1287 quoqne
869 1221 912 1264 ex
933 1197 1090 1263 Bobiensi
1112 1195 1196 1260 deri·

93 1311 165 1376 vati
191 1311 247 1396 (cf.
269 1309 357 1376 Keil.
380 1313 483 1397 praef.
505 1333 537 1398 p.
550 1308 661 1394 VIll'),
688 1310 867 1374 Vaticanus
898 1308 961 1392 ,Μ.
981 1307 1054 1371 Val.
1075 1303 1196 1370 Probi¹¹

100 1419 271 1484 Parisinus
295 1418 440 1503 „Valerii
465 1417 584 1484 Probi“
607 1439 726 1482 nomen
748 1439 826 1503 prae
849 1437 883 1481 se
905 1415 1023 1481 ferunt.
1048 1411 1116 1480 Sed
1137 1410 1198 1476 etsi

95 1525 280 1591 Vaticanus
306 1529 445 1592 fortasse
467 1548 533 1590 non
555 1528 596 1592 ab
624 1525 697 1617 ipso
727 1524 908 1610 Pomponio
930 1522 1033 1587 Laeto
1057 1520 1197 1608 scriptus

99 1641 152 1697 est
168 1631 206 1716 ¹),
228 1655 294 1699 non
315 1644 424 1700 tamen
445 1634 575 1722 stupido
597 1633 731 1698 librario
754 1629 891 1698 debetur
912 1630 971 1695 sed
998 1627 1121 1694 homini
1144 1627 1198 1716 qui

101 1739 250 1806 animum
270 1741 409 1808 advertit
425 1742 469 1808 'ad
492 1765 528 1810 ea
552 1763 633 1830 quae
658 1741 795 1829 scripsit.
839 1741 941 1809 Cuius
966 1740 1015 1805 roi
1049 1737 1197 1824 exempla

100 1859 187 1931 sunt,
221 1851 308 1938 quod
330 1853 393 1938 p.l
426 1873 558 1916 versum
580 1849 710 1934 Vergili
735 1849 789 1935 qui
813 1849 957 1929 affertur,
983 1849 1023 1912 ab
1049 1846 1197 1912 omnibus
1248 1890 1249 1893 =

100 1957 148 2023 sic
172 1969 339 2026 narratum
362 1995 423 2044 ,--
445 1958 547 2024 cecini
579 1979 698 2044 pascua
728 1979 803 2021 rura
825 1956 944 2022 duces“
977 1979 1044 2020 non
1069 1955 1198 2021 inficeto

101 2067 161 2132 ille
181 2067 226 2131 ita
251 2065 384 2131 mutavit
408 2103 469 2150 ,-
483 2065 585 2131 cecini
596 2088 716 2154 pascua
732 2065 1022 2152 pomaPhruges‚“
1047 2063 1198 2149 quodque

103 2177 195 2242 locos
217 2177 396 2263 ¹corruptos
429 2175 556 2263 saepius
584 2173 760 2238 emendare
784 2171 965 2258 temptavit,
999 2174 1039 2236 cf.
1060 2195 1091 2259 p.
1103 2171 1134 2256 5,
1150 2171 1198 2238 13.

103 2284 157 2367 30,
170 2283 218 2348 10.
241 2281 291 2365 66,
303 2283 325 2348 6*
337 2283 391 2348 all.
420 2282 497 2355 Non
519 2281 599 2346 mihi
620 2280 752 2345 videtur
771 2279 964 2345 incredibile
987 2300 1062 2344 eum
1085 2277 1200 2346 eSue·

104 2391 173 2456 toni
197 2390 237 2455 de
259 2392 480 2476 grammaticis
504 2389 617 2456 libello
640 2389 695 2476 qui
717 2389 846 2454 circiter
867 2388 952 2453 med.
967 2410 1051 2455 saec.
1063 2387 1129 2454 XV
1152 2387 1199 2453 in·

103 2510 221 2565 ventus
244 2520 387 2587 moxque
407 2499 556 2586 volgatus
579 2507 637 2581 est,
658 2499 702 2565 M.
726 2497 897 2564 Valerium
919 2497 1064 2563 Probum
1089 2496 1199 2583 cogni-

104 2617 174 2674 tum
195 2607 346 2674 habuisse
368 2609 572 2693 eundemque
594 2607 688 2674 illum
710 2617 840 2696 putasse
862 2617 959 2695 atque
969 2606 1114 2671 Probum
1126 2627 1200 2670 eum

105 2717 198 2783 ouius
220 2738 339 2782 nomen
361 2715 395 2780 in
415 2739 475 2780 ms.
493 2717 575 2783 Bob.
597 2717 726 2803 legerit.
750 2717 792 2800 (E
817 2715 929 2784 Gellio
952 2715 1048 2800 enim,
1072 2713 1113 2779 de
1134 2735 1198 2799 quo

104 2825 204 2891 facile
229 2826 300 2911 quis
322 2825 458 2912 cogitet,
477 2847 677 2912 praenomen
698 2825 767 2891 eius
789 2847 856 2890 non
877 2824 982 2911 potuit
1001 2822 1110 2906 scire.)
1136 2821 1199 2889 Oui

104 2933 250 3021 opinioni
279 2956 345 2997 non
374 2935 646 3000 contemnendum
677 2934 837 2999 succurrit
857 2941 1096 3018 argumentum.
1144 2929 1200 2994 Ad

105 3041 231 3128 Georg.
244 3041 307 3126 ΙΙΙ,
326 3041 368 3106 25
390 3042 537 3107 codicem
560 3043 756 3108 Bobiensem
785 3042 866 3107 haec
892 3041 1046 3107 habuisse
1075 3062 1118 3106 ex
1139 3063 1199 3104 ms.

103 3151 206 3216 Paris.
230 3160 262 3214 et
284 3173 326 3216 ex
348 3151 399 3216 ed.
416 3174 465 3238 pr.
481 3151 725 3236 cognoscimus:
750 3150 968 3237 „Plerumque
991 3148 1076 3214 ludis
1098 3147 1199 3234 impe·

103 3256 221 3321 ratcris
244 3278 323 3342 quas
355 3257 504 3346 proxime
535 3267 651 3346 gentes
682 3256 812 3342 devicit,
847 3280 958 3321 earum
988 3256 1135 3322 habitum
1167 3264 1200 3320 et

102 3364 243 3450 figuram
266 3367 387 3432 aulaeis
408 3367 591 3433 intexunt.“
636 3365 760 3433 Contra
781 3389 841 3430 ms.
865 3365 972 3430 Vatic.
995 3365 1079 3430 hanc
1101 3364 1200 3430 inter·

103 3472 303 3560 polationem
326 3474 475 3540 exhibet:
507 3476 724 3560 „Plerumque
745 3474 831 3540 ludis
846 3473 1041 3566 'Domitiani
1059 3475 1200 3562 impera·

102 3579 184 3644 toris
205 3604 283 3667 quas
304 3582 453 3670 proxime
478 3582 568 3669 sqq.“
613 3583 719 3665 Quam
741 3583 953 3648 mutationem
975 3583 1071 3648 facile
1096 3603 1135 3646 ea
1160 3581 1201 3646 de

103 3711 200 3754 causa
223 3690 374 3756 librarius
396 3692 505 3757 facere
528 3691 632 3779 potuit
649 3702 685 3756 ut
696 3692 741 3758 M.
754 3691 921 3756 Valerium
933 3691 1077 3757 Probum
1090 3701 1200 3757 aucto·

7 3857 9 3864 ,
102 3816 174 3860 rem
196 3797 400 3886 imperatoris
433 3801 484 3866 cui
517 3800 658 3885 aequalis
688 3811 756 3865 erat
785 3800 918 3866 nomine
949 3799 1091 3867 fulciret.
1134 3801 1197 3868 Me.

7 3957 9 3994 3
103 3903 207 3971 Paris.
231 3929 350 3973 nomen
373 3908 518 3993 „Valerii
540 3909 660 3974 Probe
687 3931 729 3975 ex
751 3910 867 3977 eodem
889 3907 1048 3976 Suetonio
1077 3910 1142 3994 vel,
1174 3907 1201 3973 si

112 4071 161 4080 —-
169 4073 311 4086 ..d-...b-

177 4158 202 4226 1)
222 4158 257 4212 ab
278 4158 328 4214 illo
346 4157 482 4229 scriptum
499 4175 568 4226 esse,
587 4156 711 4212 Brunnio
729 4160 852 4226 auctore,
875 4157 982 4216 Keilius
1000 4153 1203 4212 defenditis

102 4267 131 4322 p.
141 4249 175 4321 X,
194 4254 403 4312 contradicente
422 4251 455 4308 G.
465 4253 583 4310 Thilone
600 4253 630 4308 in
646 4253 719 4310 Mus.
736 4251 895 4334 Rheaxv,
908 4255 970 4315 150.
