2998 4692
829 313 848 374 6

286 508 474 592 monstrem.
516 498 691 586 Proprium
711 497 759 564 illi
781 507 831 565 est
853 521 990 586 magnos
1015 501 1250 568 sententiarum
1270 521 1389 564 nume·

287 631 342 673 ros
364 608 399 673 in
422 631 522 672 unum
549 628 751 691 coacervare,
775 629 838 692 quo
862 631 929 674 non
949 608 1077 696 periodi
1098 631 1200 674 unum
1222 609 1313 693 quasi
1335 630 1390 672 aa·
1484 665 1485 680 ,

287 726 346 804 put
358 715 514 782 habentes
532 715 679 802 illudque
696 717 785 780 omni
798 726 941 802 exparte
959 718 1172 802 explanantes
1188 715 1390 799 efficiuntur,

290 824 348 890 sed
379 823 471 887 tenui
499 823 629 889 vinculo
660 845 783 889 conexa
814 825 986 907 enuntiata,
1015 847 1152 910 quorum
1182 823 1390 909 unumquod-

290 951 353 1016 que
386 929 427 994 ad
455 928 605 1018 proxime
636 929 837 1016 praecedens
869 939 993 996 tantum
1021 941 1156 1019 spectat.
1201 932 1303 999 Cuius
1336 932 1392 997 rei

290 1062 364 1103 cum
383 1037 503 1123 ubique
525 1036 612 1123 apud
632 1037 726 1102 illum
747 1037 898 1124 exempla
919 1059 954 1102 se
975 1037 1124 1122 offerant,
1147 1060 1247 1103 unum
1261 1047 1391 1102 tantum

292 1145 378 1234 quod
400 1153 511 1210 nostro
533 1144 606 1208 loeo
628 1144 813 1229 proximum
841 1154 891 1208 est
917 1167 1082 1233 apponere
1111 1146 1203 1230 libet,
1232 1169 1303 1234 cap.
1326 1148 1390 1212 23:

292 1252 479 1334 „Luxuriae
501 1253 547 1316 ita
569 1251 705 1317 indulsit
727 1263 763 1318 ut
783 1253 912 1339 saepius
934 1255 969 1318 in
990 1252 1043 1318 die
1066 1255 1191 1319 lavaret
1216 1276 1278 1320 neo
1299 1255 1391 1320 suffi-

291 1370 382 1425 ceret
404 1361 596 1448 sumptibus,
618 1383 812 1448 quamquam
834 1381 878 1424 ex
897 1361 1007 1426 schola
1037 1361 1261 1448 quadringena
1282 1385 1393 1428 annua

293 1478 432 1558 caperet,
459 1493 496 1534 ac
528 1491 596 1533 non
619 1469 721 1533 multo
742 1469 848 1534 minus
870 1491 913 1533 ex
939 1491 976 1534 re
1007 1469 1167 1552 familiari,
1198 1471 1287 1536 ouius
1318 1469 1393 1535 dili·

291 1578 502 1664 gentissimus
526 1588 605 1659 erat,
638 1599 712 1642 cum
741 1586 774 1641 et
801 1577 957 1643 officinas·
977 1579 1226 1664 promercalium
1249 1579 1393 1644 vestium

293 1695 463 1750 exerceret
492 1695 524 1749 et
555 1703 651 1773 agros
684 1685 766 1750 adeo
794 1687 926 1769 coleret,
951 1695 987 1751 ut
1010 1687 1109 1752 vitem
1131 1710 1228 1753 manu
1250 1689 1318 1753 eius
1339 1687 1392 1752 in-

294 1794 387 1860 sitam
409 1794 486 1858 satis
507 1804 633 1860 constet
648 1793 799 1862 CCCLX
820 1817 898 1860 uvas
923 1795 1092 1862 edidisse.“
1128 1795 1222 1860 Hanc
1243 1818 1396 1862 normam

293 1903 320 1968 si
341 1902 521 1986 sequimur,
545 1912 657 1969 noster
676 1903 768 1968 locus
791 1904 835 1969 ita
856 1912 905 1969 e'st
927 1904 1158 1992 explicandus:
1190 1903 1231 1969 In
1251 1903 1394 1989 antiquis
1484 1973 1485 1984 ,

221 2061 236 2099 ,
294 2010 429 2092 mansit3
454 2013 555 2077 multa
577 2033 688 2076 eorum
708 2012 908 2098 exemplaria
925 2012 1065 2094 curavit;
1089 2011 1220 2077 omnino
1242 2011 1323 2076 nulli
1342 2011 1396 2076 rei

296 2120 358 2184 nisi
381 2121 621 2208 exemplaribus
643 2122 839 2208 scriptorum
862 2121 1013 2186 curandis
1028 2121 1172 2185 intentus
1191 2131 1269 2186 erat.
1302 2119 1397 2184 Haec

272 2214 274 2224 ¹
299 2227 476 2296 Suetonius
498 2248 565 2291 non
587 2225 718 2312 quidem
742 2225 880 2314 pulchre
901 2223 959 2290 sed
981 2224 1023 2289 ad
1045 2246 1139 2290 suum
1159 2225 1322 2292 scribendi
1337 2249 1398 2313 ge-

296 2357 358 2400 nus
382 2332 590 2398 accomodate
613 2332 785 2420 expressit,
810 2341 842 2396 et
863 2353 935 2396 oum
956 2331 1027 2420 ipsa
1038 2333 1175 2397 veritate
1196 2332 1277 2398 haec
1298 2354 1397 2418 quam

296 2441 437 2506 maxime
458 2450 654 2528 congruunt.

379 2549 449 2613 Iam
473 2571 546 2612 cum
566 2547 760 2618 Suetonium
781 2548 944 2613 sincerum
967 2568 1037 2612 esse
1059 2555 1225 2614 auctorem
1245 2548 1279 2613 in
1291 2549 1396 2615 Probi

295 2657 393 2721 rebus
414 2656 596 2741 narrandis,
621 2679 700 2744 quas
717 2657 756 2721 ab
771 2654 858 2722 illius
872 2654 1022 2720 familiari
1035 2677 1109 2721 eum
1123 2656 1288 2742 accepisse
1303 2665 1396 2744 puto,

298 2762 448 2828 contendi
473 2764 585 2851 possit,
608 2765 689 2828 haee
713 2764 781 2830 eius
803 2762 911 2849 imago
935 2783 978 2828 ex
998 2763 1113 2829 ceteris
1133 2773 1283 2830 veterum
1304 2765 1396 2830 testi-

298 2875 415 2939 moniis
440 2875 621 2965 supplenda
650 2883 709 2941 est.
751 2875 846 2940 Inter
870 2893 950 2956 quos
973 2872 1112 2960 primum
1136 2872 1244 2937 locum
1266 2872 1398 2940 Gellius

299 2984 435 3066 obtinet,
466 2984 521 3066 qui
549 2983 619 3070 ipse
649 3005 722 3047 eum
747 2979 857 3046 amicis
885 2989 918 3044 et
945 2979 1161 3046 sectatoribus
1183 2980 1283 3047 Probi
1305 2981 1399 3046 velut

300 3114 373 3156 oum
397 3091 550 3156 Anniano
571 3088 853 3157 Fescenninorum
876 3085 1054 3151 carminum
1077 3086 1235 3172 scriptore
1263 3086 1398 3152 familia·

299 3179 402 3267 ritate⁸
426 3200 619 3265 coniunctus
648 3198 766 3285 partim
793 3196 963 3284 ascriptis
992 3195 1110 3282 partim
1134 3215 1152 3259 e
1173 3194 1307 3282 privatis
1327 3195 1398 3262 eius

300 3310 506 3374 sermonibus
527 3329 608 3392 quae
632 3315 812 3372 memoratu
837 3304 937 3390 digna
959 3303 1084 3392 putavit
1104 3304 1254 3369 noctibus
1275 3304 1399 3370 Atticis

299 3417 445 3484 inseruit.
488 3416 537 3482 Ea
557 3416 665 3480 virum
687 3415 820 3480 doctum
840 3412 933 3480 nobis
955 3411 1132 3479 ostendunt
1153 3411 1284 3477 minutis
1298 3412 1398 3477 rebus

302 3524 521 3613 grammaticis
543 3523 576 3588 in
598 3523 735 3588 vetustis
756 3523 896 3586 maxime
926 3521 1135 3610 scriptoribus
1162 3519 1397 3606 investigandis

303 3633 451 3698 deditum
473 3626 529 3716 (N
552 3630 594 3695 A.
619 3632 648 3714 I,
674 3630 723 3696 15.
743 3631 805 3712 VI,
827 3631 856 3696 7.
881 3632 908 3698 9.
930 3631 991 3714 IV,
1016 3631 1061 3713 7),
1092 3637 1263 3716 praeterea
1288 3639 1399 3695 autem

301 3740 489 3826 Vergilium
508 3747 701 3804 tractantem
723 3737 838 3823 (XIII,
858 3737 914 3824 21)
944 3747 976 3802 et
1005 3735 1046 3800 de
1067 3734 1197 3823 poetica
1218 3735 1397 3824 pulchritu-

303 3847 379 3914 dine
399 3847 563 3912 subtiliter
585 3846 813 3934 disputantem,
834 3844 1022 3934 Vergilium
1043 3843 1138 3908 etiam
1158 3866 1233 3908 cum
1250 3845 1397 3910 Homero

305 3957 380 4022 satis
408 3956 513 4021 libere
545 3963 785 4041 comparantem
814 3962 847 4018 et
875 3952 950 4019 huie
972 3960 1223 4042 postponentem
1247 3951 1313 4037 (IX
1347 3952 1397 4034 9);

305 4068 349 4131 ita
371 4075 406 4131 ut
430 4074 461 4130 et
475 4063 651 4129 verborum
663 4061 897 4144 tractationem,
919 4061 1115 4147 prosodiam,
1139 4059 1399 4126 emendationem
1484 4065 1485 4070 ’

305 4185 338 4239 et
359 4173 400 4238 de
426 4174 554 4262 poetica
573 4171 770 4259 praestantia
791 4169 947 4237 iudicium
960 4169 991 4235 ei
1006 4190 1103 4236 curae
1117 4169 1218 4236 fuisse
1232 4189 1274 4234 ex
1287 4165 1398 4234 Gellio
