2998 4692
651 286 693 351 23

114 464 325 552 „Corycium
339 485 515 548 -senem,
540 464 592 530 cui
613 487 717 553 pauca
737 466 852 530 relicti
861 467 983 554 Iugera
1002 473 1092 533 raris
1107 472 1218 536 erant“

111 595 296 661 perperam
309 573 479 662 explicatis
502 574 610 639 efficta
631 595 702 640 esse
724 583 860 662 apparet
884 575 995 656 (simili
1014 577 1111 643 modo
1128 578 1219 644 illam

114 683 165 748 de
186 683 278 750 Pane
300 692 333 748 et
354 682 447 748 Luna
477 703 574 766 quam
603 704 701 768 supra
731 683 983 748 commemoravi
1011 686 1154 752 fabulam
1178 688 1219 753 ad

116 791 428 876 Ge01·g.111,391
462 791 597 856 finxisse
626 791 782 876 videtur).
825 792 1049 858 Vehementer
1077 795 1218 880 denique

117 899 237 966 dubito
258 921 337 964 num
357 898 428 982 quis
448 898 527 964 Divi
549 898 616 966 Iuli
635 907 773 963 statuam
793 920 937 986 unquam
957 899 1076 966 viderit
1107 903 1218 986 ,ouius

117 1007 224 1096 capiti
243 1007 337 1072 stella
358 1006 469 1072 addita
490 1006 559 1072 est“
589 1006 624 1070 id
647 1005 734 1093 quod
754 1017 988 1078 commentator
1010 1019 1121 1076 noster
1144 1033 1219 1076 con·

117 1116 228 1182 cludit
247 1136 289 1182 cx
309 1136 407 1180 versu
429 1114 501 1182 Ecl.
523 1115 553 1198 9,
577 1113 636 1180 47:

271 1223 360 1289 Ecce
381 1222 524 1290 Dionaei
544 1223 704 1308 processit
727 1221 875 1290 Caesaris
899 1234 1031 1290 astrum.

116 1332 225 1398 Hisce
248 1339 360 1396 contra
377 1351 488 1396 rerum
506 1330 678 1396 ueritatem
695 1332 840 1418 peccatis
859 1354 941 1419 quae
962 1331 1069 1398 omnia
1087 1334 1219 1400 stultam

115 1442 339 1530 ignorantiam
361 1461 405 1506 ex
422 1441 502 1528 ipsis
521 1451 636 1530 poetae
653 1441 762 1508 verbis
781 1441 940 1528 quidlibet
960 1441 1022 1506 sibi
1043 1443 1217 1508 enuclean-

115 1563 189 1618 tem
212 1551 364 1639 produnt,
386 1550 426 1614 ad
448 1551 540 1616 illam
561 1549 771 1618 commentari
789 1560 919 1638 partem
941 1550 1091 1616 ducimur
1122 1574 1219 1638 quam

120 1660 275 1726 consulto
303 1659 471 1744 hucusque
491 1659 637 1744 neglexi,
669 1658 906 1747 praefationem
937 1657 1021 1725 dico.
1066 1659 1220 1727 Continet

121 1791 161 1838 ea
182 1766 409 1834 brevissimam
433 1767 564 1854 Vergili
585 1767 696 1852 vitam,
721 1767 798 1834 dein
818 1768 984 1854 triplicem
1011 1770 1053 1834 de
1077 1768 1219 1834 bucolici

120 1875 275 1943 carminis
300 1876 426 1961 origine
449 1876 680 1960 narrationem,
703 1874 744 1941 de
765 1877 990 1943 bucolicorum
1018 1877 1162 1943 versibus
1186 1885 1219 1942 et

120 1984 255 2051 dicendi
275 1985 400 2050 ratione
422 1983 663 2050 observationes
676 1984 847 2070 quasdam3
870 1993 948 2050 tunc
962 1986 1106 2073 sequitur
1120 2007 1219 2072 expo-

122 2095 198 2160 sitio
223 2113 337 2158 causae
364 2115 422 2158 cur
443 2102 541 2180 poeta
562 2115 600 2158 ea
621 2092 790 2181 scripserit
812 2093 1001 2180 ordinisque
1025 2102 1058 2158 et
1077 2117 1219 2181 pronun-

120 2203 274 2270 ciationis
291 2227 413 2288 eorum,
433 2204 555 2269 mentio
573 2204 761 2290 allegoriae,
780 2203 890 2267 brevis
913 2203 1054 2290 denique
1072 2203 1219 2268 omnium

118 2331 258 2398 poeseos
279 2333 440 2398 generum
462 2310 736 2376 commemoratio.
771 2310 862 2391 Quae
884 2310 1001 2392 omnia,
1025 2333 1219 2398 quamquam

119 2418 184 2486 tria
204 2419 297 2484 nobis
323 2419 557 2506 pretiosissima
573 2418 733 2484 Varronis
754 2416 886 2484 Catonis
905 2418 1015 2483 Lucili
1035 2419 1218 2504 fragmenta

121 2528 302 2612 continent,
322 2537 359 2592 ut
377 2527 601 2612 adBerytium
620 2527 766 2592 Probum
788 2549 854 2592 non
875 2527 1001 2614 possint
1019 2527 1136 2592 referri
1155 2528 1219 2614 pri-

118 2658 211 2702 mum
235 2657 362 2701 errores
384 2636 440 2722 qui
460 2637 572 2701 insunt
590 2636 646 2700 vel
667 2636 801 2701 maximi
824 2636 979 2706 efficiunt.
1023 2635 1110 2716 Quid
1131 2635 1219 2720 quod

120 2745 271 2833 (pall.)
293 2745 442 2811 Xerxem
472 2744 559 2830 apud
590 2745 815 2812 Marathonem
842 2744 963 2809 victum
993 2744 1109 2830 putat?
1141 2745 1219 2829 quin

120 2852 270 2940 quod-
292 2855 470 2922 Romanam
490 2875 562 2919 rem
584 2853 657 2918 dico
686 2890 725 2901 —
747 2852 792 2917 M.
806 2852 990 2919 Antonium
1011 2853 1218 2916 triumvirum

119 2960 323 3048 provinciam
345 2961 533 3028 sortientem
556 2963 634 3028 facit
654 2963 849 3050 Aegyptum
860 2962 906 3050 (p.
921 2961 981 3045 5)‘?
1025 2964 1131 3045 Quam
1152 2962 1218 3025 ine-

120 3077 212 3158 ptam
231 3071 449 3138 narrationem
469 3072 595 3160 profert
605 3093 637 3157 p.
651 3071 684 3136 5:
710 3070 843 3155 ,Italiae
866 3091 947 3158 ergo
973 3070 1154 3135 civitatibus
1171 3070 1218 3134 di-

120 3199 233 3242 versas
256 3188 366 3266 partes
389 3181 598 3267 sequentibus
613 3179 854 3247 Cremonenses
880 3186 912 3242 et
924 3177 1092 3246 Mantuani
1112 3176 1220 3241 neutri

121 3295 200 3354 sunt
219 3287 385 3370 auxiliati3
407 3287 467 3354 sed
480 3289 543 3353 hoc
561 3287 733 3374 Augustus
750 3287 939 3372 indignatus
958 3285 1120 3350 veteranis
1140 3306 1218 3369 quo-

121 3419 197 3461 rum
217 3417 349 3482 operam
370 3395 405 3460 in
426 3396 514 3462 bello
537 3397 695 3463 habuerat
717 3417 814 3482 agros
835 3393 1106 3460 Cremonensium
1120 3394 1220 3459 dividi

120 3505 234 3570 iussit“
262 3525 332 3588 sqq.
351 3506 419 3589 qui,
452 3504 539 3590 quod
572 3525 689 3590 perse
723 3513 978 3568 consentaneum
1001 3512 1060 3585 est,
1084 3511 1239 3589 propter·

122 3610 329 3678 inimicorum
358 3622 467 3702 partes
503 3624 669 3701 susceptas
701 3612 796 3678 bonis
824 3611 942 3699 privati
974 3621 1058 3676 sunt.
1103 3610 1221 3696 Regali

124 3721 292 3807 opulentia
307 3722 494 3809 Vergilium
516 3722 617 3787 fuisse
638 3720 823 3786 mirabundi
845 3719 1010 3786 audimus:
1041 3718 1148 3800 ,unde
1174 3720 1220 3783 fa-

125 3839 214 3895 ctum
235 3830 283 3893 uti
304 3829 474 3918 Vergilius
498 3852 626 3918 quoque
647 3851 744 3916 agros
764 3829 927 3894 amitteret
951 3852 1030 3915 quos
1050 3828 1221 3912 sexaginta

12 3997 13 4000 ,
123 3937 271 4004 veterani
309 3938 526 4024 acciperent.“
579 3939 687 4022 Quam
725 3937 893 4003 confusam
936 3947 968 4002 et
1002 3937 1221 4025 perturbatam

124 4045 255 4132 Vergili
279 4045 428 4114 notitiam
447 4047 607 4135 interpres
629 4045 779 4112 habuerit
800 4068 837 4112 ca
853 4046 1068 4112 reluculente
1090 4043 1221 4108 demon-

125 4162 247 4220 stratur
277 4155 366 4246 quod
394 4155 546 4224 bucolica
577 4177 651 4222 eum
678 4155 849 4246 scripsisse
871 4154 950 4221 dicit
971 4153 1017 4242 (p.
1033 4153 1068 4238 b)
1088 4175 1163 4239 non,
1185 4161 1221 4219 ut
