2998 4692
642 361 681 426 13

111 549 217 615 Probi
240 547 359 613 dicitur
381 545 543 611 Aemilius
565 544 675 631 Asper
694 543 745 609 bis
766 551 1048 629 commemoretur,
1068 564 1215 614 necessa·

109 656 165 722 rio
188 663 445 744 consequeretur
467 678 486 718 a
511 652 647 718 Valerio
676 653 786 720 Probo
819 652 873 742 qui
901 652 1083 722 Domitiani
1110 665 1215 722 aetate

111 765 200 830 vixit
233 787 306 830 eum
335 764 477 828 alienum
505 783 587 847 esse,
618 769 650 826 et
676 759 780 828 omnis
810 763 956 848 quaestio
984 762 1027 828 ad
1055 764 1216 849 liquidum

113 882 203 940 esset
223 873 390 960 perducta,
415 871 442 936 si
465 869 552 937 omni
573 869 774 937 dubitatione
795 881 1024 957 argumentum
1038 893 1215 940 1111111111-

112 992 220 1065 reret3
245 980 332 1067 quod
353 1003 427 1046 cum
449 981 535 1045 ultra
549 979 785 1069 probabilitatis
799 979 930 1046 laudem
944 1002 986 1046 ne
1000 1004 1019 1046 a
1034 981 1212 1050 defenden-

112 1091 202 1156 tibus
224 1090 354 1178 quid'em
380 1089 554 1175 quidquam
574 1088 738 1177 postulare
758 1088 871 1175 possit,
893 1089 964 1157 aliis
986 1091 1214 1178 eregionibus

113 1222 198 1287 opus
219 1207 324 1264 estut
346 1199 438 1263 novis
459 1197 612 1264 subsidiis
633 1198 852 1264 confirmetur.

203 1309 313 1395 Quum
336 1305 400 1372 duo
419 1307 476 1372 illa
491 1315 695 1392 argumenta,
720 1305 900 1373 doctrinam
914 1307 1002 1374 haud
1016 1309 1216 1376 mediocrem

113 1418 151 1482 in
172 1416 264 1481 hisce
284 1416 524 1481 commentariis
545 1415 685 1480 inveniri
708 1425 741 1480 et
757 1416 951 1504 scriptorum
969 1417 1023 1505 qui
1037 1417 1216 1486 afferuntur

112 1525 225 1590 nullos
246 1523 355 1590 Probo
377 1525 576 1590 recentiores
601 1545 683 1608 esse,
706 1533 936 1612 praeterquam
948 1526 1035 1610 quod
1050 1526 1091 1592 de
1103 1527 1215 1616 Aspre

112 1630 211 1697 valde
234 1632 268 1696 in
291 1633 414 1698 incerto
436 1655 489 1700 res
514 1642 572 1716 est,
597 1633 666 1698 sine
689 1631 891 1700 dubitatione
919 1634 1121 1700 admittenda
1142 1636 1215 1719 sint,

112 1749 226 1806 tamen
247 1741 329 1807 aliae
358 1763 488 1830 quoque
517 1741 723 1828 quaestiones
745 1742 904 1829 oriuntur,
927 1766 945 1810 e
970 1765 1105 1832 quarum
1134 1745 1215 1810 diiu-

115 1843 277 1915 dicatione
298 1849 431 1936 pendet,
451 1859 559 1914 utrum
581 1850 708 1916 Probus
731 1851 807 1916 libri
836 1862 947 1917 auctor
975 1853 1146 1919 habendus
1175 1854 1217 1919 sit

114 1978 231 2023 necne.
276 1957 509 2040 Quaerendum
531 1957 617 2023 enim
639 1968 698 2043 est,
721 1983 800 2024 num
823 1969 856 2026 et
880 1983 954 2027 cum
980 1961 1091 2028 indole
1118 1972 1216 2050 atque

115 2065 251 2152 ingenio
276 2065 377 2133 Probi
401 2077 433 2131 11
455 2088 530 2131 cum
554 2068 641 2132 omni
663 2067 842 2134 studiorum
872 2069 960 2134 illius
987 2071 1102 2138 aetatis
1132 2079 1217 2138 statu

116 2184 151 2239 et
172 2174 364 2241 condicione
388 2175 638 2247 commentarius
665 2177 857 2244 consentiat.

201 2284 347 2349 Primum
369 2285 457 2368 quod
479 2284 521 2349 ad
542 2282 688 2351 indolem
710 2282 825 2350 Valeri
848 2284 950 2370 Probi
971 2285 1095 2368 attinet,
1119 2307 1217 2373 supra

117 2389 343 2458 demonstrare
367 2393 524 2479 temptavi
546 2415 619 2458 eum
643 2393 783 2458 maxima
804 2415 847 2458 ex
874 2403 968 2480 parte
993 2394 1216 2482 grammaticis

115 2503 217 2568 rebus
239 2501 473 2588 investigandis
498 2499 644 2567 deditum
672 2502 783 2586 fuisse,
816 2501 895 2568 alias
924 2524 977 2568 res
1006 2503 1215 2592 explicandas

115 2631 185 2676 non
206 2609 310 2696 magis
328 2631 456 2675 curasse
476 2632 572 2696 quam
587 2611 833 2675 commentatori
851 2610 982 2676 omnino
998 2613 1217 2679 necessarium

114 2718 224 2784 fuerit.
279 2715 400 2783 Contra
432 2715 520 2781 illius
550 2717 590 2782 de
622 2739 685 2800 quo
719 2717 845 2803 agimus
874 2717 950 2782 libri
983 2718 1134 2806 scriptori
1170 2719 1217 2786 nil

117 2826 249 2892 omuino
271 2825 332 2890 fuit
355 2825 516 2890 inanimo
538 2825 601 2890 nisi
631 2834 668 2890 ut
695 2846 748 2890 res
778 2826 957 2914 explicaret
984 2826 1217 2915 nominumque

116 2934 259 3000 maxime
274 2934 483 3022 propriorum
496 2935 671 3023 praeberet
684 2934 997 3021 interpretationem,
1021 2957 1084 3024 quo
1096 2933 1217 3001 factum

116 3209 258 3265 Charisius
277 3210 415 3279 prohibet,
437 3209 485 3280 qui
501 3209 624 3282 Asprum
642 3213 782 3268 nonnullis
801 3214 870 3270 locis
888 3215 1022 3271 nominat.
1061 3211 1216 3269 charisium

116 3303 190 3357 enim
216 3304 384 3358 aDositheo
410 3321 493 3373 quem
519 3311 630 3361 constat
654 3323 678 3362 a.
696 3326 724 3378 p.
744 3307 806 3364 Chr.
820 3309 873 3365 207
902 3309 1054 3378 scripsisse,
1080 3308 1110 3362 in
1137 3324 1218 3362 usum

118 3415 181 3452 esse
200 3415 372 3468 conversum,
391 3399 526 3458 Oehlerus
548 3408 625 3459 recte
644 3408 676 3458 ut
694 3404 805 3458 videtur
823 3405 852 3460 in
868 3405 940 3462 Mus.
955 3403 1217 3474 Rhenumque

116 3511 181 3563 sqq.
204 3495 415 3550 demonstravit.
444 3497 525 3564 Quod
543 3498 566 3551 si
584 3499 625 3552 ita
643 3515 688 3552 res
704 3517 734 3554 se
752 3500 844 3571 habet,
861 3501 924 3556 fieri
941 3503 988 3558 vix
1003 3499 1158 3570 poterit-ut
1176 3515 1218 3554 re·

116 3587 240 3642 cautiori
259 3605 341 3657 quam
350 3587 388 3642 M.
401 3589 499 3643 Aureli
510 3589 671 3662 Philosophi
689 3593 775 3648 aetati
789 3593 910 3663 Asprum
924 3595 1089 3650 tribuamus.
1118 3593 1219 3664 Quam·

119 3700 202 3752 quam
220 3684 307 3754 igitur
325 3685 464 3740 Victorini
483 3690 512 3740 et
529 3685 635 3743 Donati
652 3707 709 3744 non
727 3695 769 3745 est
786 3691 917 3760 aequalis,
935 3695 1030 3746 tamen
1051 3695 1218 3747 commenta·

116 3777 193 3831 rium
211 3776 250 3832 M.
266 3779 364 3834 Aureli
381 3784 509 3850 tempore
530 3781 665 3853 scripturn
682 3785 770 3839 multo
789 3785 965 3842 verisimilius
984 3791 1035 3857 est,
1054 3787 1216 3860 Hieronymi

116 3888 186 3928 aevo
204 3872 234 3927 in
246 3874 348 3928 scholis
363 3875 520 3931 lectitatum
538 3893 607 3946 esse,
627 3895 709 3948 quam
727 3880 751 3934 si
765 3881 876 3936 Nerone
895 3882 950 3936 iam
968 3883 1123 3954 imperante
1142 3903 1217 3942 eom-

115 3971 228 4040 positus
250 3977 329 4026 esset.
363 3971 416 4039 Qui
435 3972 463 4026 in
483 3974 701 4034 cod.vat.1492
720 3977 852 4033 saecllV
870 3977 984 4048 scripsit
1005 3979 1217 4052 »1111111111-

118 4067 237 4122 maticus
257 4067 325 4120 civis
343 4065 483 4122 Romanus
508 4072 634 4138 tempore
651 4069 788 4125 Antonini
805 4071 967 4143 Philosophi
986 4072 1054 4127 fuit«
1081 4071 1216 4144 (1111111.

114 4162 187 4216 Mus.
209 4161 297 4216 Rhen.
310 4161 343 4232 V,
355 4162 407 4217 317
425 4167 487 4234 eq.),
508 4181 571 4220 eum
588 4183 650 4221 cum
668 4167 792 4222 nesciam
809 4168 882 4223 unde
903 4168 1027 4226 hauserit
1043 4167 1170 4224 noudum
1187 4168 1218 4223 in

118 4259 215 4326 partes
232 4271 308 4312 meas
326 4255 469 4310 traxerim.
