2998 4692
811 319 852 384 22

285 507 417 594 Vergili
437 505 548 573 verbis
569 505 767 572 concludere
789 501 919 570 videtur
940 500 1068 588 Georg.
1091 501 1136 586 Π,
1157 502 1240 569 487:
1266 501 1390 592 ,Sper-

286 617 379 684 chios
408 625 457 682 est
479 615 668 683 Thessaliae
697 615 830 699 flumen,
861 613 1012 698 Taygeta
1033 611 1214 680 Laconices
1245 613 1304 680 ubi
1331 635 1390 678 ve-

285 734 403 792 nantur
422 724 568 811 virgines
584 721 797 792 Laconicae.“
841 721 925 789 Mira
955 719 1094 805 quadam
1119 721 1315 786 credulitate
1343 721 1390 788 de

286 835 411 902 Eurota
430 833 561 920 scripsit
581 833 623 900 ad
644 832 717 900 Ecl.
729 832 759 915 6,
772 830 833 898 82:
859 831 1002 915 ,Fontes
1022 830 1093 917 agit
1113 852 1155 896 ex
1175 831 1390 898 monteMae·

287 944 374 1026 nalo,
396 941 610 1010 confunditur
629 940 762 1027 Alpheo
781 961 960 1027 rursusque
981 938 1151 1006 discedit.“
1186 939 1391 1027 Carpathum

289 1073 373 1138 quae
395 1059 445 1116 est
467 1050 573 1118 insula
595 1049 683 1116 inter
704 1048 837 1116 Cretam
860 1055 893 1113 et
915 1047 1068 1116 Rhodum
1089 1047 1151 1114 sita
1175 1049 1308 1133 ,Peneo
1332 1051 1390 1116 oh-

288 1157 426 1226 leetam“
448 1157 612 1226 existimat
635 1154 760 1242 Georg.
784 1156 847 1240 IV,
871 1155 943 1221 387.
986 1154 1042 1220 Ad
1065 1153 1108 1224 Θ.
1128 1155 1156 1241 Ι,
1175 1156 1236 1222 102
1257 1157 1390 1226 scribit:

290 1266 419 1355 ,Mysia
442 1276 492 1333 est
513 1266 601 1333 natio
613 1266 786 1332 coniuncta
797 1263 954 1348 barbaris,
973 1264 1168 1354 contingens
1181 1265 1390 1333 Adriaticum

292 1375 418 1444 sinum“
441 1373 572 1440 nescius
593 1373 747 1458 Illyrium
767 1393 840 1438 esse
860 1371 1096 1461 interpositam.
1136 1373 1196 1438 'De'
1216 1373 1312 1440 India
1332 1374 1390 1440 de·

289 1485 389 1570 nique
412 1482 526 1552 scribit
548 1481 673 1568 Georg.
695 1482 723 1566 I,
743 1481 801 1546 tt:
827 1479 1003 1568 ,Cingitur
1022 1481 1109 1548 enim
1126 1481 1273 1550 Caucaso
1294 1482 1392 1550 India

291 1601 324 1658 et
345 1591 479 1660 flumine
506 1599 539 1656 et
567 1590 708 1656 oceano“
742 1588 890 1656 tenuiore
916 1589 1064 1675 proiecto
1096 1589 1242 1660 Orientis
1273 1591 1391 1658 notitia

291 1724 387 1791 quem
406 1699 587 1770 Domitiani
608 1698 806 1786 Traianique
835 1705 984 1786 tempora
1009 1699 1200 1768 habuerant.
1245 1699 1393 1769 Gravius

291 1811 391 1878 etiam
422 1806 614 1898 posterioris
648 1808 954 1874 commentariorum
984 1807 1121 1894 originis
1159 1818 1392 1896 argumentum

294 1921 400 1990 ineis
430 1919 615 1988 continetur
646 1940 730 2007 quae
761 1927 875 1988 contre
901 1917 1071 1986 historiam
1093 1929 1243 2008 peccant.
1284 1921 1337 1988 Ita
1355 1920 1393 1986 in

294 2029 504 2097 adnotatione
524 2029 566 2094 ad
591 2027 716 2116 Georg.
737 2028 801 2112 111,
823 2029 838 2092 l
863 2027 944 2092 heec
964 2028 1138 2114 leguntur:
1163 2029 1392 2116 „Amphrysos

293 2140 418 2208 fiumen
446 2147 498 2205 est
524 2137 713 2206 Thessaliae
744 2136 832 2203 cuius
862 2135 1033 2223 regionem
1066 2137 1226 2229 quandam
1257 2137 1394 2204 Molossi

294 2247 443 2316 incolunt
475 2267 613 2331 quorum
644 2265 705 2312 rex
732 2243 794 2312 fuit
813 2243 977 2310 Admetus
1005 2244 1156 2312 Pheretis
1179 2245 1276 2329 filius,
1302 2245 1392 2312 cuius

294 2377 417 2443 pecora
438 2364 470 2423 et
492 2364 639 2420 armenta
658 2353 747 2441 pavit
764 2354 888 2441 Apollo
911 2354 1002 2440 sqq.“
1033 2354 1152 2422 Nonne
1174 2355 1249 2420 lnce
1273 2355 1392 2420 elarius

294 2474 363 2548 est,
395 2463 577 2530 fabulosum
606 2463 700 2528 illum
727 2463 908 2530 Admetum
937 2461 1126 2529 Thessaliae
1153 2481 1268 2549 regem
1299 2463 1392 2530 ouius

294 2593 413 2660 pecora
433 2571 524 2659 pavit
542 2571 666 2658 Apollo
694 2572 777 2636 miro
802 2570 899 2636 modo
930 2571 1099 2636 confusum
1125 2591 1197 2636 esse
1225 2593 1298 2637 oum
1323 2571 1394 2638 Ad·

293 2692 380 2748 meto
409 2682 637 2772 Molossorum,
666 2679 854 2767 Epiroticae
885 2680 1006 2766 gentis,
1033 2701 1125 2766 roge,
1160 2679 1392 2746 Themistoclis

295 2793 400 2859 exulis
421 2792 578 2879 hospite?
603 2789 660 2854 Ad
680 2791 860 2856 Romanam
882 2789 1051 2858 historiam
1074 2790 1267 2858 accedamus
1296 2815 1394 2878 quam

298 2901 324 2968 si
347 2901 418 2984 quis
439 2899 538 2986 primi
559 2920 591 2985 p.
607 2898 685 2966 Ohr.
706 2898 828 2964 saeculi
850 2897 1082 2984 grammaticus
1103 2897 1299 2984 ignorasset,
1323 2899 1394 2965 iure

296 3016 383 3072 esset
406 3007 571 3095 explosus.
615 3005 740 3072 Tamen
759 3006 802 3072 ad
825 3004 950 3092 Georg.
974 3005 1115 3090 1V,125
1137 3006 1300 3095 adscripta
1320 3017 1395 3076 sunt

294 3117 397 3182 haec:
421 3114 616 3201 ,Pompeius
632 3137 708 3180 cum
723 3123 928 3202 oppugnaret
942 3115 1073 3201 piratas,
1085 3114 1264 3200 remigibus
1281 3136 1394 3182 eorum

295 3222 447 3314 promisit
468 3243 565 3310 agros
588 3223 616 3288 si
636 3222 769 3290 vicisset
788 3244 902 3290 eorum
924 3222 1103 3306 adiutori03
1128 3245 1264 3309 quorum
1286 3223 1394 3313 prodi-

294 3332 385 3398 tione
406 3333 514 3399 viotcr
537 3331 790 3404 Tarentinorum
812 3353 910 3418 agros
931 3331 1095 3398 veteranis
1119 3332 1230 3398 divisit
1253 3341 1285 3397 et
1307 3333 1394 3421 quic·

295 3440 375 3526 quid
407 3438 620 3506 deterrimum
652 3440 715 3506 fuit
747 3440 927 3526 remigibus
959 3439 1080 3506 dedit.“
1125 3441 1218 3524 Quae
1249 3439 1393 3506 narratio

298 3569 374 3615 oum
398 3573 417 3612 a
437 3547 576 3614 veritate
605 3547 742 3613 nimium
776 3557 931 3632 quantum
957 3549 1129 3616 abhorreat
1160 3551 1279 3634 (neque
1308 3548 1394 3614 enim

294 3657 471 3743 Pompeius
490 3658 667 3746 piratarum
678 3656 858 3742 remigibus
879 3667 916 3724 ut
938 3679 1076 3745 quorum
1097 3657 1256 3724 adiutorio
1279 3657 1396 3724 vicerit

298 3779 405 3851 neque
429 3787 507 3832 vero
531 3765 694 3832 veteranis
717 3765 794 3850 suis,
825 3766 884 3832 sed
911 3766 991 3854 ipsis
1014 3765 1127 3854 piratis
1154 3787 1252 3852 egros
1275 3765 1394 3850 divisit,

296 3875 338 3940 cf.
360 3872 452 3942 Suet.
475 3897 527 3962 ap.
552 3872 647 3942 Serv.
670 3883 704 3941 et
732 3899 784 3964 ap.
806 3875 907 3942 schol.
930 3875 1029 3941 Bern.
1052 3875 1084 3942 h.
1105 3876 1127 3940 l.
1149 3875 1222 3942 Liv.
1244 3875 1392 3963 periooh.

296 3984 320 4048 l.
339 3983 465 4051 XCIX.
506 3983 573 4052 Dio
597 3983 687 4051 Osse.
708 3984 760 4069 36,
781 3983 834 4050 35.
855 3983 999 4072 Appian.
1021 3983 1133 4051 Mithr.
1155 3984 1222 4069 96),
1244 3983 1394 4070 equidem

296 4116 372 4158 sane
395 4093 506 4160 nescio
530 4091 608 4180 quid
630 4093 671 4158 de
693 4092 831 4160 Valerio
854 4093 965 4159 Probo
986 4092 1239 4160 existimandum
1261 4101 1347 4160 esset
1367 4093 1395 4159 si

295 4202 377 4268 tales
407 4224 512 4288 nugas
545 4199 739 4268 effinxisset.
792 4198 911 4270 Omnia
926 4197 1026 4270 'enim
1058 4223 1100 4268 ex
1124 4199 1256 4288 Vergili
1285 4201 1394 4269 verbis
